<?xml version="1.0" encoding="UTF-8"?>
<!DOCTYPE html PUBLIC "-//W3C//DTD XHTML 1.0 Transitional//EN"
    "http://www.w3.org/TR/xhtml1/DTD/xhtml1-transitional.dtd">
<html xmlns="http://www.w3.org/1999/xhtml" xml:lang="en" lang="en">
 <head>
  <title>
</title>
<meta http-equiv="Content-Type" content="text/html;charset=utf-8" />
  <meta name='ocr-system' content='tesseract 3.04.00' />
  <meta name='ocr-capabilities' content='ocr_page ocr_carea ocr_par ocr_line ocrx_word'/>
</head>
<body>
  <div class='ocr_page' id='page_1' title='image "./corpusscriptoru32theogoog/corpusscriptoru32theogoog_0047.png"; bbox 0 0 3025 4900; ppageno 0'>
   <div class='ocr_carea' id='block_1_1' title="bbox 192 905 1194 1163">
    <p class='ocr_par' dir='ltr' id='par_1_1' title="bbox 192 905 1194 1163">
     <span class='ocr_line' id='line_1_1' title="bbox 192 905 1194 995; baseline 0.006 -6"><span class='ocrx_word' id='word_1_1' title='bbox 192 905 481 992; x_wconf 74' lang='grc' dir='ltr'><em>ΙΩΑΝΝΟΤ</em></span> <span class='ocrx_word' id='word_1_2' title='bbox 512 905 626 992; x_wconf 73' lang='lat' dir='ltr'><strong><em>Tor</em></strong></span> <span class='ocrx_word' id='word_1_3' title='bbox 657 906 1194 995; x_wconf 76' lang='lat' dir='ltr'><strong><em>KANTAKOYZHNOY</em></strong></span> 
     </span>
     <span class='ocr_line' id='line_1_2' title="bbox 441 1093 950 1163; baseline 0 -4"><span class='ocrx_word' id='word_1_4' title='bbox 441 1093 668 1159; x_wconf 64' lang='lat' dir='ltr'><strong><em>senonica</em></strong></span> <span class='ocrx_word' id='word_1_5' title='bbox 686 1094 890 1162; x_wconf 70' lang='lat' dir='ltr'><strong><em>Bronton</em></strong></span> <span class='ocrx_word' id='word_1_6' title='bbox 907 1100 950 1163; x_wconf 86' lang='lat' dir='ltr'><strong><em>A.</em></strong></span> 
     </span>
    </p>
   </div>
   <div class='ocr_carea' id='block_1_2' title="bbox 250 1263 1313 1576">
    <p class='ocr_par' dir='ltr' id='par_1_2' title="bbox 250 1263 1313 1576">
     <span class='ocr_line' id='line_1_3' title="bbox 250 1263 1313 1410; baseline 0.004 -10"><span class='ocrx_word' id='word_1_7' title='bbox 250 1308 563 1404; x_wconf 80' lang='lat' dir='ltr'><strong><em>10ANN1s</em></strong></span> <span class='ocrx_word' id='word_1_8' title='bbox 610 1307 1133 1406; x_wconf 74' lang='lat' dir='ltr'><strong><em>CANTACUzEm</em></strong></span> <span class='ocrx_word' id='word_1_9' title='bbox 1205 1396 1212 1410; x_wconf 17' lang='lat' dir='ltr'><strong>x</strong></span> <span class='ocrx_word' id='word_1_10' title='bbox 1298 1263 1313 1276; x_wconf 65' lang='grc'><strong>“</strong></span> 
     </span>
     <span class='ocr_line' id='line_1_4' title="bbox 442 1497 950 1576; baseline -0.004 -11"><span class='ocrx_word' id='word_1_11' title='bbox 442 1497 750 1568; x_wconf 73' lang='grc' dir='ltr'>ΗΙὸΤΟΒΙΑΒΠΜ</span> <span class='ocrx_word' id='word_1_12' title='bbox 771 1497 950 1576; x_wconf 75' lang='lat' dir='ltr'><strong>LIBERI.</strong></span> 
     </span>
    </p>
   </div>
   <div class='ocr_carea' id='block_1_3' title="bbox 517 1886 869 1970">
    <p class='ocr_par' dir='ltr' id='par_1_3' title="bbox 517 1886 869 1970">
     <span class='ocr_line' id='line_1_5' title="bbox 517 1886 869 1970; baseline 0.003 -30"><span class='ocrx_word' id='word_1_13' title='bbox 517 1886 869 1970; x_wconf 61' lang='lat' dir='ltr'><strong><em>rennocnn</em></strong></span> 
     </span>
    </p>
   </div>
   <div class='ocr_carea' id='block_1_4' title="bbox 137 2037 1302 4471">
    <p class='ocr_par' dir='ltr' id='par_1_4' title="bbox 137 2037 1302 4471">
     <span class='ocr_line' id='line_1_6' title="bbox 210 2037 1245 2107; baseline 0.002 -17"><span class='ocrx_word' id='word_1_14' title='bbox 210 2037 331 2090; x_wconf 79' lang='lat' dir='ltr'><strong><em>diiclsael</em></strong></span> <span class='ocrx_word' id='word_1_15' title='bbox 361 2037 479 2091; x_wconf 86' lang='lat' dir='ltr'><strong><em>senioris</em></strong></span> <span class='ocrx_word' id='word_1_16' title='bbox 508 2037 659 2092; x_wconf 73' lang='lat' dir='ltr'><strong><em>Andronici</em></strong></span> <span class='ocrx_word' id='word_1_17' title='bbox 686 2037 778 2104; x_wconf 77' lang='lat' dir='ltr'><strong><em>filius,</em></strong></span> <span class='ocrx_word' id='word_1_18' title='bbox 806 2039 925 2090; x_wconf 83' lang='lat' dir='ltr'><strong><em>iunioris</em></strong></span> <span class='ocrx_word' id='word_1_19' title='bbox 950 2047 1046 2107; x_wconf 84' lang='lat' dir='ltr'><strong><em>pater,</em></strong></span> <span class='ocrx_word' id='word_1_20' title='bbox 1076 2038 1184 2105; x_wconf 77' lang='lat' dir='ltr'><strong><em>filiabus</em></strong></span> <span class='ocrx_word' id='word_1_21' title='bbox 1215 2042 1245 2093; x_wconf 84' lang='lat' dir='ltr'><strong><em>in</em></strong></span> 
     </span>
     <span class='ocr_line' id='line_1_7' title="bbox 140 2107 1244 2178; baseline 0 -16"><span class='ocrx_word' id='word_1_22' title='bbox 140 2110 313 2162; x_wconf 78' lang='lat' dir='ltr'><strong><em>matrimonio</em></strong></span> <span class='ocrx_word' id='word_1_23' title='bbox 347 2107 490 2161; x_wconf 88' lang='lat' dir='ltr'><strong><em>collocatis</em></strong></span> <span class='ocrx_word' id='word_1_24' title='bbox 524 2119 549 2161; x_wconf 91' lang='lat' dir='ltr'><strong><em>et</em></strong></span> <span class='ocrx_word' id='word_1_25' title='bbox 578 2109 646 2176; x_wconf 74' lang='lat' dir='ltr'><strong><em>filiis</em></strong></span> <span class='ocrx_word' id='word_1_26' title='bbox 678 2111 787 2178; x_wconf 84' lang='lat' dir='ltr'><strong><em>parenti</em></strong></span> <span class='ocrx_word' id='word_1_27' title='bbox 824 2108 861 2161; x_wconf 92' lang='lat' dir='ltr'><strong><em>ad</em></strong></span> <span class='ocrx_word' id='word_1_28' title='bbox 887 2109 1054 2161; x_wconf 81' lang='lat' dir='ltr'><strong><em>educandum</em></strong></span> <span class='ocrx_word' id='word_1_29' title='bbox 1084 2112 1244 2176; x_wconf 87' lang='lat' dir='ltr'><strong><em>commissis,</em></strong></span> 
     </span>
     <span class='ocr_line' id='line_1_8' title="bbox 142 2179 1244 2249; baseline 0 -16"><span class='ocrx_word' id='word_1_30' title='bbox 142 2199 174 2233; x_wconf 76' lang='lat' dir='ltr'><strong><em>es</em></strong></span> <span class='ocrx_word' id='word_1_31' title='bbox 205 2183 310 2232; x_wconf 84' lang='lat' dir='ltr'><strong><em>oriente</em></strong></span> <span class='ocrx_word' id='word_1_32' title='bbox 342 2179 502 2248; x_wconf 72' lang='lat' dir='ltr'><strong><em>bysantium</em></strong></span> <span class='ocrx_word' id='word_1_33' title='bbox 533 2180 659 2245; x_wconf 79' lang='lat' dir='ltr'><strong><em>rediens,</em></strong></span> <span class='ocrx_word' id='word_1_34' title='bbox 692 2181 905 2249; x_wconf 87' lang='lat' dir='ltr'><strong><em>Adrionopolin,</em></strong></span> <span class='ocrx_word' id='word_1_35' title='bbox 944 2181 1039 2232; x_wconf 87' lang='lat' dir='ltr'><strong><em>deinde</em></strong></span> <span class='ocrx_word' id='word_1_36' title='bbox 1071 2181 1244 2234; x_wconf 66' lang='lat' dir='ltr'><strong><em>Abessalons&#39;-</em></strong></span> 
     </span>
     <span class='ocr_line' id='line_1_9' title="bbox 141 2249 1244 2320; baseline 0.001 -16"><span class='ocrx_word' id='word_1_37' title='bbox 141 2270 199 2304; x_wconf 84' lang='lat' dir='ltr'><strong><em>eam</em></strong></span> <span class='ocrx_word' id='word_1_38' title='bbox 217 2249 360 2304; x_wconf 82' lang='lat' dir='ltr'><strong><em>abeodem</em></strong></span> <span class='ocrx_word' id='word_1_39' title='bbox 379 2255 589 2304; x_wconf 69' lang='lat' dir='ltr'><strong><em>transmittitur:</em></strong></span> <span class='ocrx_word' id='word_1_40' title='bbox 618 2251 664 2304; x_wconf 92' lang='lat' dir='ltr'><strong><em>ubi</em></strong></span> <span class='ocrx_word' id='word_1_41' title='bbox 685 2251 716 2302; x_wconf 87' lang='lat' dir='ltr'><strong><em>de</em></strong></span> <span class='ocrx_word' id='word_1_42' title='bbox 741 2261 827 2304; x_wconf 89' lang='lat' dir='ltr'><strong><em>morte</em></strong></span> <span class='ocrx_word' id='word_1_43' title='bbox 844 2252 899 2316; x_wconf 81' lang='lat' dir='ltr'><strong><em>filii</em></strong></span> <span class='ocrx_word' id='word_1_44' title='bbox 916 2253 1054 2305; x_wconf 82' lang='lat' dir='ltr'><strong><em>dianueiis</em></strong></span> <span class='ocrx_word' id='word_1_45' title='bbox 1073 2254 1177 2306; x_wconf 76' lang='lat' dir='ltr'><strong><em>certior</em></strong></span> <span class='ocrx_word' id='word_1_46' title='bbox 1195 2255 1244 2320; x_wconf 73' lang='lat' dir='ltr'><strong><em>fa·</em></strong></span> 
     </span>
     <span class='ocr_line' id='line_1_10' title="bbox 141 2322 1244 2392; baseline 0 -16"><span class='ocrx_word' id='word_1_47' title='bbox 141 2333 214 2387; x_wconf 84' lang='lat' dir='ltr'><strong><em>etus,</em></strong></span> <span class='ocrx_word' id='word_1_48' title='bbox 239 2341 307 2391; x_wconf 82' lang='lat' dir='ltr'><strong><em>prae</em></strong></span> <span class='ocrx_word' id='word_1_49' title='bbox 327 2323 400 2375; x_wconf 87' lang='lat' dir='ltr'><strong><em>luctu</em></strong></span> <span class='ocrx_word' id='word_1_50' title='bbox 418 2323 593 2376; x_wconf 86' lang='lat' dir='ltr'><strong><em>acerbissimo</em></strong></span> <span class='ocrx_word' id='word_1_51' title='bbox 613 2325 644 2374; x_wconf 86' lang='lat' dir='ltr'><strong><em>in</em></strong></span> <span class='ocrx_word' id='word_1_52' title='bbox 662 2323 782 2375; x_wconf 87' lang='lat' dir='ltr'><strong><em>morbum</em></strong></span> <span class='ocrx_word' id='word_1_53' title='bbox 802 2322 917 2388; x_wconf 89' lang='lat' dir='ltr'><strong><em>labitur,</em></strong></span> <span class='ocrx_word' id='word_1_54' title='bbox 943 2342 993 2392; x_wconf 90' lang='lat' dir='ltr'><strong><em>quo</em></strong></span> <span class='ocrx_word' id='word_1_55' title='bbox 1017 2327 1099 2376; x_wconf 87' lang='lat' dir='ltr'><strong><em>etiam</em></strong></span> <span class='ocrx_word' id='word_1_56' title='bbox 1116 2326 1168 2376; x_wconf 78' lang='lat' dir='ltr'><strong><em>bac</em></strong></span> <span class='ocrx_word' id='word_1_57' title='bbox 1186 2326 1244 2376; x_wconf 88' lang='lat' dir='ltr'><strong><em>oita</em></strong></span> 
     </span>
     <span class='ocr_line' id='line_1_11' title="bbox 141 2394 1243 2465; baseline 0.004 -21"><span class='ocrx_word' id='word_1_58' title='bbox 141 2394 252 2446; x_wconf 76' lang='lat' dir='ltr'><strong><em>decedit.</em></strong></span> <span class='ocrx_word' id='word_1_59' title='bbox 290 2395 378 2446; x_wconf 72' lang='lat' dir='ltr'><strong><em>Senes</em></strong></span> <span class='ocrx_word' id='word_1_60' title='bbox 402 2402 481 2462; x_wconf 86' lang='lat' dir='ltr'><strong><em>poter</em></strong></span> <span class='ocrx_word' id='word_1_61' title='bbox 509 2395 692 2447; x_wconf 74' lang='lat' dir='ltr'><strong><em>Andronicum</em></strong></span> <span class='ocrx_word' id='word_1_62' title='bbox 716 2394 914 2446; x_wconf 78' lang='lat' dir='ltr'><strong><em>adolescentem</em></strong></span> <span class='ocrx_word' id='word_1_63' title='bbox 941 2404 1076 2465; x_wconf 89' lang='lat' dir='ltr'><strong><em>nepotem,</em></strong></span> <span class='ocrx_word' id='word_1_64' title='bbox 1104 2396 1243 2448; x_wconf 79' lang='lat' dir='ltr'><strong><em>Constan-</em></strong></span> 
     </span>
     <span class='ocr_line' id='line_1_12' title="bbox 142 2465 1243 2539; baseline -0.001 -21"><span class='ocrx_word' id='word_1_65' title='bbox 142 2470 197 2519; x_wconf 87' lang='lat' dir='ltr'><strong><em>tino</em></strong></span> <span class='ocrx_word' id='word_1_66' title='bbox 222 2465 334 2537; x_wconf 87' lang='lat' dir='ltr'><strong><em>despota</em></strong></span> <span class='ocrx_word' id='word_1_67' title='bbox 356 2466 415 2534; x_wconf 70' lang='lat' dir='ltr'><strong><em>filio</em></strong></span> <span class='ocrx_word' id='word_1_68' title='bbox 441 2485 504 2531; x_wconf 89' lang='lat' dir='ltr'><strong><em>suo,</em></strong></span> <span class='ocrx_word' id='word_1_69' title='bbox 532 2466 675 2521; x_wconf 74' lang='lat' dir='ltr'><strong><em>Michaelis</em></strong></span> <span class='ocrx_word' id='word_1_70' title='bbox 700 2484 828 2537; x_wconf 84' lang='lat' dir='ltr'><strong><em>qermano</em></strong></span> <span class='ocrx_word' id='word_1_71' title='bbox 853 2471 958 2535; x_wconf 69' lang='lat' dir='ltr'><strong><em>fratre,</em></strong></span> <span class='ocrx_word' id='word_1_72' title='bbox 984 2471 1015 2519; x_wconf 91' lang='lat' dir='ltr'><strong><em>in</em></strong></span> <span class='ocrx_word' id='word_1_73' title='bbox 1038 2470 1152 2539; x_wconf 88' lang='lat' dir='ltr'><strong><em>imperio</em></strong></span> <span class='ocrx_word' id='word_1_74' title='bbox 1177 2486 1243 2520; x_wconf 86' lang='lat' dir='ltr'><strong><em>sur-</em></strong></span> 
     </span>
     <span class='ocr_line' id='line_1_13' title="bbox 141 2537 1244 2609; baseline 0 -20"><span class='ocrx_word' id='word_1_75' title='bbox 141 2548 251 2607; x_wconf 83' lang='lat' dir='ltr'><strong><em>roqato,</em></strong></span> <span class='ocrx_word' id='word_1_76' title='bbox 280 2537 358 2605; x_wconf 85' lang='lat' dir='ltr'><strong><em>idque</em></strong></span> <span class='ocrx_word' id='word_1_77' title='bbox 388 2556 441 2591; x_wconf 89' lang='lat' dir='ltr'><strong><em>non</em></strong></span> <span class='ocrx_word' id='word_1_78' title='bbox 468 2548 523 2591; x_wconf 90' lang='lat' dir='ltr'><strong><em>tam</em></strong></span> <span class='ocrx_word' id='word_1_79' title='bbox 551 2540 638 2609; x_wconf 88' lang='lat' dir='ltr'><strong><em>ipsius</em></strong></span> <span class='ocrx_word' id='word_1_80' title='bbox 667 2538 855 2602; x_wconf 74' lang='lat' dir='ltr'><strong><em>Constantini,</em></strong></span> <span class='ocrx_word' id='word_1_81' title='bbox 885 2557 964 2606; x_wconf 90' lang='lat' dir='ltr'><strong><em>quam</em></strong></span> <span class='ocrx_word' id='word_1_82' title='bbox 991 2540 1133 2591; x_wconf 64' lang='lat' dir='ltr'><strong><em>Michaelis</em></strong></span> <span class='ocrx_word' id='word_1_83' title='bbox 1162 2540 1244 2609; x_wconf 87' lang='lat' dir='ltr'><strong><em>pueri</em></strong></span> 
     </span>
     <span class='ocr_line' id='line_1_14' title="bbox 143 2608 1244 2679; baseline -0.002 -18"><span class='ocrx_word' id='word_1_84' title='bbox 143 2608 225 2661; x_wconf 84' lang='lat' dir='ltr'><strong><em>eidem</em></strong></span> <span class='ocrx_word' id='word_1_85' title='bbox 258 2610 435 2662; x_wconf 79' lang='lat' dir='ltr'><strong><em>Constantino</em></strong></span> <span class='ocrx_word' id='word_1_86' title='bbox 468 2628 502 2661; x_wconf 68' lang='lat' dir='ltr'><strong><em>esc</em></strong></span> <span class='ocrx_word' id='word_1_87' title='bbox 532 2610 630 2678; x_wconf 87' lang='lat' dir='ltr'><strong><em>pellice</em></strong></span> <span class='ocrx_word' id='word_1_88' title='bbox 662 2612 798 2679; x_wconf 82' lang='lat' dir='ltr'><strong><em>suscepti,</em></strong></span> <span class='ocrx_word' id='word_1_89' title='bbox 828 2628 913 2662; x_wconf 86' lang='lat' dir='ltr'><strong><em>causa</em></strong></span> <span class='ocrx_word' id='word_1_90' title='bbox 945 2610 1071 2663; x_wconf 88' lang='lat' dir='ltr'><strong><em>abdicare</em></strong></span> <span class='ocrx_word' id='word_1_91' title='bbox 1101 2611 1244 2663; x_wconf 88' lang='lat' dir='ltr'><strong><em>constituit</em></strong></span> 
     </span>
     <span class='ocr_line' id='line_1_15' title="bbox 143 2680 1244 2755; baseline -0.001 -22"><span class='ocrx_word' id='word_1_92' title='bbox 143 2680 224 2750; x_wconf 74' lang='lat' dir='ltr'><strong><em>(Cap.</em></strong></span> <span class='ocrx_word' id='word_1_93' title='bbox 238 2680 277 2744; x_wconf 86' lang='lat'><strong><em>¹).</em></strong></span> <span class='ocrx_word' id='word_1_94' title='bbox 314 2682 640 2755; x_wconf 24' lang='lat' dir='ltr'><strong><em>Postobitumqblicbaelis</em></strong></span> <span class='ocrx_word' id='word_1_95' title='bbox 650 2682 827 2749; x_wconf 88' lang='lat' dir='ltr'><strong><em>imperatoris</em></strong></span> <span class='ocrx_word' id='word_1_96' title='bbox 844 2684 1045 2751; x_wconf 74' lang='lat' dir='ltr'><strong><em>provinciaram</em></strong></span> <span class='ocrx_word' id='word_1_97' title='bbox 1063 2682 1204 2751; x_wconf 80' lang='lat' dir='ltr'><strong><em>praesides</em></strong></span> <span class='ocrx_word' id='word_1_98' title='bbox 1217 2688 1244 2732; x_wconf 87' lang='lat' dir='ltr'><strong><em>et</em></strong></span> 
     </span>
     <span class='ocr_line' id='line_1_16' title="bbox 141 2752 1244 2823; baseline 0 -20"><span class='ocrx_word' id='word_1_99' title='bbox 141 2754 318 2823; x_wconf 74' lang='lat' dir='ltr'><strong><em>naqistratus</em></strong></span> <span class='ocrx_word' id='word_1_100' title='bbox 345 2762 544 2805; x_wconf 86' lang='lat' dir='ltr'><strong><em>sacramentum</em></strong></span> <span class='ocrx_word' id='word_1_101' title='bbox 573 2770 667 2805; x_wconf 80' lang='lat' dir='ltr'><strong><em>novum</em></strong></span> <span class='ocrx_word' id='word_1_102' title='bbox 691 2752 881 2821; x_wconf 86' lang='lat' dir='ltr'><strong><em>postulantur,</em></strong></span> <span class='ocrx_word' id='word_1_103' title='bbox 909 2763 935 2805; x_wconf 88' lang='lat' dir='ltr'><strong><em>et</em></strong></span> <span class='ocrx_word' id='word_1_104' title='bbox 960 2755 1066 2805; x_wconf 84' lang='lat' dir='ltr'><strong><em>iuuenis</em></strong></span> <span class='ocrx_word' id='word_1_105' title='bbox 1092 2752 1244 2804; x_wconf 79' lang='lat' dir='ltr'><strong><em>Andronici</em></strong></span> 
     </span>
     <span class='ocr_line' id='line_1_17' title="bbox 141 2824 1243 2893; baseline -0.002 -17"><span class='ocrx_word' id='word_1_106' title='bbox 141 2840 235 2876; x_wconf 74' lang='lat' dir='ltr'><strong><em>nonen</em></strong></span> <span class='ocrx_word' id='word_1_107' title='bbox 268 2824 298 2875; x_wconf 88' lang='lat' dir='ltr'><strong><em>in</em></strong></span> <span class='ocrx_word' id='word_1_108' title='bbox 331 2826 503 2893; x_wconf 80' lang='lat' dir='ltr'><strong><em>conceptione</em></strong></span> <span class='ocrx_word' id='word_1_109' title='bbox 534 2826 682 2875; x_wconf 88' lang='lat' dir='ltr'><strong><em>iuramenti</em></strong></span> <span class='ocrx_word' id='word_1_110' title='bbox 715 2828 898 2891; x_wconf 83' lang='lat' dir='ltr'><strong><em>praeteritur:</em></strong></span> <span class='ocrx_word' id='word_1_111' title='bbox 926 2824 1001 2877; x_wconf 91' lang='lat' dir='ltr'><strong><em>solus</em></strong></span> <span class='ocrx_word' id='word_1_112' title='bbox 1028 2826 1243 2887; x_wconf 79' lang='lat' dir='ltr'><strong><em>Cantacusenus,</em></strong></span> 
     </span>
     <span class='ocr_line' id='line_1_18' title="bbox 142 2892 1242 2964; baseline -0.001 -18"><span class='ocrx_word' id='word_1_113' title='bbox 142 2892 257 2947; x_wconf 80' lang='lat' dir='ltr'><strong><em>cubiculi</em></strong></span> <span class='ocrx_word' id='word_1_114' title='bbox 284 2897 359 2947; x_wconf 88' lang='lat' dir='ltr'><strong><em>sacri</em></strong></span> <span class='ocrx_word' id='word_1_115' title='bbox 387 2897 554 2964; x_wconf 63' lang='lat' dir='ltr'><strong><em>praelatus,</em></strong></span> <span class='ocrx_word' id='word_1_116' title='bbox 583 2912 615 2946; x_wconf 91' lang='lat' dir='ltr'><strong><em>ne</em></strong></span> <span class='ocrx_word' id='word_1_117' title='bbox 647 2912 686 2964; x_wconf 73' lang='lat' dir='ltr'><strong><em>so⁴</em></strong></span> <span class='ocrx_word' id='word_1_118' title='bbox 701 2895 804 2945; x_wconf 87' lang='lat' dir='ltr'><strong><em>scelere</em></strong></span> <span class='ocrx_word' id='word_1_119' title='bbox 828 2898 1005 2960; x_wconf 85' lang='lat' dir='ltr'><strong><em>contaminet,</em></strong></span> <span class='ocrx_word' id='word_1_120' title='bbox 1031 2899 1127 2947; x_wconf 87' lang='lat' dir='ltr'><strong><em>iurare</em></strong></span> <span class='ocrx_word' id='word_1_121' title='bbox 1150 2893 1242 2946; x_wconf 89' lang='lat' dir='ltr'><strong><em>detre-</em></strong></span> 
     </span>
     <span class='ocr_line' id='line_1_19' title="bbox 141 2965 1242 3034; baseline -0.004 -15"><span class='ocrx_word' id='word_1_122' title='bbox 141 2974 212 3019; x_wconf 89' lang='lat' dir='ltr'><strong><em>ctat:</em></strong></span> <span class='ocrx_word' id='word_1_123' title='bbox 240 2967 326 3017; x_wconf 86' lang='lat' dir='ltr'><strong><em>oeteri</em></strong></span> <span class='ocrx_word' id='word_1_124' title='bbox 353 2966 474 3032; x_wconf 70' lang='lat' dir='ltr'><strong><em>formula</em></strong></span> <span class='ocrx_word' id='word_1_125' title='bbox 503 2969 599 3019; x_wconf 86' lang='lat' dir='ltr'><strong><em>iurare</em></strong></span> <span class='ocrx_word' id='word_1_126' title='bbox 628 2968 736 3016; x_wconf 87' lang='lat' dir='ltr'><strong><em>sinitur.</em></strong></span> <span class='ocrx_word' id='word_1_127' title='bbox 775 2965 882 3017; x_wconf 81' lang='lat' dir='ltr'><strong><em>Tacitus</em></strong></span> <span class='ocrx_word' id='word_1_128' title='bbox 910 2970 965 3032; x_wconf 74' lang='lat' dir='ltr'><strong><em>[ert</em></strong></span> <span class='ocrx_word' id='word_1_129' title='bbox 994 2969 1127 3018; x_wconf 88' lang='lat' dir='ltr'><strong><em>iniuriam</em></strong></span> <span class='ocrx_word' id='word_1_130' title='bbox 1151 2982 1242 3034; x_wconf 87' lang='lat' dir='ltr'><strong><em>nepos,</em></strong></span> 
     </span>
     <span class='ocr_line' id='line_1_20' title="bbox 142 3036 1243 3106; baseline -0.003 -17"><span class='ocrx_word' id='word_1_131' title='bbox 142 3054 216 3105; x_wconf 74' lang='lat' dir='ltr'><strong><em>quens</em></strong></span> <span class='ocrx_word' id='word_1_132' title='bbox 234 3038 408 3106; x_wconf 76' lang='lat' dir='ltr'><strong><em>Sqrqiannes·</em></strong></span> <span class='ocrx_word' id='word_1_133' title='bbox 425 3039 469 3089; x_wconf 87' lang='lat' dir='ltr'><strong><em>oir</em></strong></span> <span class='ocrx_word' id='word_1_134' title='bbox 486 3037 670 3089; x_wconf 88' lang='lat' dir='ltr'><strong><em>nobilissimus</em></strong></span> <span class='ocrx_word' id='word_1_135' title='bbox 694 3036 767 3087; x_wconf 88' lang='lat' dir='ltr'><strong><em>serio</em></strong></span> <span class='ocrx_word' id='word_1_136' title='bbox 791 3046 893 3101; x_wconf 90' lang='lat' dir='ltr'><strong><em>monet,</em></strong></span> <span class='ocrx_word' id='word_1_137' title='bbox 921 3045 952 3089; x_wconf 91' lang='lat' dir='ltr'><strong><em>ut</em></strong></span> <span class='ocrx_word' id='word_1_138' title='bbox 976 3037 1028 3088; x_wconf 85' lang='lat' dir='ltr'><strong><em>sibi</em></strong></span> <span class='ocrx_word' id='word_1_139' title='bbox 1050 3036 1189 3101; x_wconf 75' lang='lat' dir='ltr'><strong><em>consulat5</em></strong></span> <span class='ocrx_word' id='word_1_140' title='bbox 1208 3042 1243 3086; x_wconf 61' lang='lat' dir='ltr'><strong><em>vet</em></strong></span> 
     </span>
     <span class='ocr_line' id='line_1_21' title="bbox 141 3105 1242 3178; baseline -0.002 -19"><span class='ocrx_word' id='word_1_141' title='bbox 141 3110 169 3161; x_wconf 88' lang='lat' dir='ltr'><strong><em>in</em></strong></span> <span class='ocrx_word' id='word_1_142' title='bbox 198 3126 258 3159; x_wconf 86' lang='lat' dir='ltr'><strong><em>eam</em></strong></span> <span class='ocrx_word' id='word_1_143' title='bbox 287 3126 344 3159; x_wconf 89' lang='lat' dir='ltr'><strong><em>rem</em></strong></span> <span class='ocrx_word' id='word_1_144' title='bbox 373 3126 481 3178; x_wconf 87' lang='lat' dir='ltr'><strong><em>operam</em></strong></span> <span class='ocrx_word' id='word_1_145' title='bbox 505 3108 610 3175; x_wconf 78' lang='lat' dir='ltr'><strong><em>fidelem</em></strong></span> <span class='ocrx_word' id='word_1_146' title='bbox 638 3105 758 3177; x_wconf 80' lang='lat' dir='ltr'><strong><em>spondet.</em></strong></span> <span class='ocrx_word' id='word_1_147' title='bbox 795 3107 847 3158; x_wconf 87' lang='lat' dir='ltr'><strong><em>lile</em></strong></span> <span class='ocrx_word' id='word_1_148' title='bbox 873 3124 930 3158; x_wconf 87' lang='lat' dir='ltr'><strong><em>rem</em></strong></span> <span class='ocrx_word' id='word_1_149' title='bbox 959 3125 1018 3158; x_wconf 89' lang='lat' dir='ltr'><strong><em>cum</em></strong></span> <span class='ocrx_word' id='word_1_150' title='bbox 1046 3109 1242 3171; x_wconf 78' lang='lat' dir='ltr'><strong><em>Cantacuueno,</em></strong></span> 
     </span>
     <span class='ocr_line' id='line_1_22' title="bbox 142 3172 1242 3249; baseline -0.002 -18"><span class='ocrx_word' id='word_1_151' title='bbox 142 3180 186 3249; x_wconf 83' lang='lat' dir='ltr'><strong><em>qui</em></strong></span> <span class='ocrx_word' id='word_1_152' title='bbox 208 3190 264 3231; x_wconf 85' lang='lat' dir='ltr'><strong><em>tuns</em></strong></span> <span class='ocrx_word' id='word_1_153' title='bbox 286 3180 317 3232; x_wconf 89' lang='lat' dir='ltr'><strong><em>in</em></strong></span> <span class='ocrx_word' id='word_1_154' title='bbox 336 3180 451 3231; x_wconf 85' lang='lat' dir='ltr'><strong><em>Tbracia</em></strong></span> <span class='ocrx_word' id='word_1_155' title='bbox 474 3190 585 3248; x_wconf 89' lang='lat' dir='ltr'><strong><em>praetor</em></strong></span> <span class='ocrx_word' id='word_1_156' title='bbox 608 3172 781 3241; x_wconf 86' lang='lat' dir='ltr'><strong><em>oersabatur,</em></strong></span> <span class='ocrx_word' id='word_1_157' title='bbox 807 3186 839 3229; x_wconf 92' lang='lat' dir='ltr'><strong><em>ut</em></strong></span> <span class='ocrx_word' id='word_1_158' title='bbox 857 3194 917 3229; x_wconf 90' lang='lat' dir='ltr'><strong><em>cum</em></strong></span> <span class='ocrx_word' id='word_1_159' title='bbox 937 3180 1025 3231; x_wconf 91' lang='lat' dir='ltr'><strong><em>amico</em></strong></span> <span class='ocrx_word' id='word_1_160' title='bbox 1046 3180 1161 3231; x_wconf 91' lang='lat' dir='ltr'><strong><em>omnium</em></strong></span> <span class='ocrx_word' id='word_1_161' title='bbox 1181 3178 1242 3229; x_wconf 92' lang='lat' dir='ltr'><strong><em>sin-</em></strong></span> 
     </span>
     <span class='ocr_line' id='line_1_23' title="bbox 141 3248 1242 3320; baseline -0.002 -17"><span class='ocrx_word' id='word_1_162' title='bbox 141 3252 296 3315; x_wconf 79' lang='lat' dir='ltr'><strong><em>cerissimo,</em></strong></span> <span class='ocrx_word' id='word_1_163' title='bbox 321 3253 398 3320; x_wconf 88' lang='lat' dir='ltr'><strong><em>prius</em></strong></span> <span class='ocrx_word' id='word_1_164' title='bbox 423 3250 667 3303; x_wconf 75' lang='lat' dir='ltr'><strong><em>communicandam</em></strong></span> <span class='ocrx_word' id='word_1_165' title='bbox 691 3258 781 3301; x_wconf 88' lang='lat' dir='ltr'><strong><em>censet</em></strong></span> <span class='ocrx_word' id='word_1_166' title='bbox 802 3248 868 3313; x_wconf 82' lang='lat'>(2].·</span> <span class='ocrx_word' id='word_1_167' title='bbox 897 3250 979 3303; x_wconf 87' lang='lat' dir='ltr'><strong><em>Dolet</em></strong></span> <span class='ocrx_word' id='word_1_168' title='bbox 997 3252 1022 3301; x_wconf 92' lang='lat' dir='ltr'><strong><em>is</em></strong></span> <span class='ocrx_word' id='word_1_169' title='bbox 1041 3267 1074 3301; x_wconf 92' lang='lat' dir='ltr'><strong><em>ea</em></strong></span> <span class='ocrx_word' id='word_1_170' title='bbox 1090 3251 1242 3301; x_wconf 88' lang='lat' dir='ltr'><strong><em>necessita·</em></strong></span> 
     </span>
     <span class='ocr_line' id='line_1_24' title="bbox 141 3314 1242 3393; baseline -0.002 -20"><span class='ocrx_word' id='word_1_171' title='bbox 141 3332 183 3385; x_wconf 91' lang='lat' dir='ltr'><strong><em>te,</em></strong></span> <span class='ocrx_word' id='word_1_172' title='bbox 214 3340 294 3389; x_wconf 83' lang='lat' dir='ltr'><strong><em>quam</em></strong></span> <span class='ocrx_word' id='word_1_173' title='bbox 323 3324 472 3393; x_wconf 81' lang='lat' dir='ltr'><strong><em>Sqrqiauni</em></strong></span> <span class='ocrx_word' id='word_1_174' title='bbox 500 3323 667 3373; x_wconf 90' lang='lat' dir='ltr'><strong><em>internuntio</em></strong></span> <span class='ocrx_word' id='word_1_175' title='bbox 694 3319 795 3371; x_wconf 83' lang='lat' dir='ltr'><strong><em>diserte</em></strong></span> <span class='ocrx_word' id='word_1_176' title='bbox 826 3314 974 3391; x_wconf 75' lang='lat' dir='ltr'><strong><em>explanat,</em></strong></span> <span class='ocrx_word' id='word_1_177' title='bbox 1006 3322 1242 3388; x_wconf 69' lang='lat' dir='ltr'><strong><em>calamitatemque</em></strong></span> 
     </span>
     <span class='ocr_line' id='line_1_25' title="bbox 140 3392 1241 3463; baseline -0.001 -20"><span class='ocrx_word' id='word_1_178' title='bbox 140 3396 321 3461; x_wconf 80' lang='lat' dir='ltr'><strong><em>inposterum</em></strong></span> <span class='ocrx_word' id='word_1_179' title='bbox 337 3394 503 3463; x_wconf 85' lang='lat' dir='ltr'><strong><em>praesentit,</em></strong></span> <span class='ocrx_word' id='word_1_180' title='bbox 529 3401 555 3444; x_wconf 90' lang='lat' dir='ltr'><strong><em>et</em></strong></span> <span class='ocrx_word' id='word_1_181' title='bbox 572 3395 691 3445; x_wconf 81' lang='lat' dir='ltr'><strong><em>iuvenem</em></strong></span> <span class='ocrx_word' id='word_1_182' title='bbox 710 3394 739 3443; x_wconf 90' lang='lat' dir='ltr'><strong><em>in</em></strong></span> <span class='ocrx_word' id='word_1_183' title='bbox 758 3400 816 3443; x_wconf 90' lang='lat' dir='ltr'><strong><em>tuto</em></strong></span> <span class='ocrx_word' id='word_1_184' title='bbox 835 3392 1036 3457; x_wconf 89' lang='lat' dir='ltr'><strong><em>collocandum‚·</em></strong></span> <span class='ocrx_word' id='word_1_185' title='bbox 1065 3392 1144 3444; x_wconf 88' lang='lat' dir='ltr'><strong><em>alind</em></strong></span> <span class='ocrx_word' id='word_1_186' title='bbox 1161 3392 1241 3457; x_wconf 86' lang='lat' dir='ltr'><strong><em>nibil,</em></strong></span> 
     </span>
     <span class='ocr_line' id='line_1_26' title="bbox 139 3462 1241 3533; baseline -0.002 -18"><span class='ocrx_word' id='word_1_187' title='bbox 139 3466 194 3515; x_wconf 84' lang='lat' dir='ltr'><strong><em>nisi</em></strong></span> <span class='ocrx_word' id='word_1_188' title='bbox 223 3474 372 3533; x_wconf 85' lang='lat' dir='ltr'><strong><em>coquntur,</em></strong></span> <span class='ocrx_word' id='word_1_189' title='bbox 399 3462 579 3533; x_wconf 86' lang='lat' dir='ltr'><strong><em>incipiendum</em></strong></span> <span class='ocrx_word' id='word_1_190' title='bbox 605 3464 700 3515; x_wconf 89' lang='lat' dir='ltr'><strong><em>suadet</em></strong></span> <span class='ocrx_word' id='word_1_191' title='bbox 724 3462 781 3527; x_wconf 84' lang='lat' dir='ltr'><strong><em>(b).</em></strong></span> <span class='ocrx_word' id='word_1_192' title='bbox 820 3463 999 3533; x_wconf 72' lang='lat' dir='ltr'><strong><em>cbristopolis</em></strong></span> <span class='ocrx_word' id='word_1_193' title='bbox 1026 3466 1126 3533; x_wconf 64' lang='lat' dir='ltr'><strong><em>suque,</em></strong></span> <span class='ocrx_word' id='word_1_194' title='bbox 1145 3470 1241 3531; x_wconf 87' lang='lat' dir='ltr'><strong><em>nepote</em></strong></span> 
     </span>
     <span class='ocr_line' id='line_1_27' title="bbox 141 3534 1241 3607; baseline -0.004 -20"><span class='ocrx_word' id='word_1_195' title='bbox 141 3534 325 3607; x_wconf 76' lang='lat' dir='ltr'><strong><em>approbante,</em></strong></span> <span class='ocrx_word' id='word_1_196' title='bbox 358 3536 496 3605; x_wconf 82' lang='lat' dir='ltr'><strong><em>deiiqitur.</em></strong></span> <span class='ocrx_word' id='word_1_197' title='bbox 552 3534 753 3587; x_wconf 79' lang='lat' dir='ltr'><strong><em>Cantocuaenus</em></strong></span> <span class='ocrx_word' id='word_1_198' title='bbox 788 3552 802 3586; x_wconf 94' lang='lat' dir='ltr'><strong><em>e</em></strong></span> <span class='ocrx_word' id='word_1_199' title='bbox 835 3535 951 3587; x_wconf 82' lang='lat' dir='ltr'><strong><em>Tbracia</em></strong></span> <span class='ocrx_word' id='word_1_200' title='bbox 985 3534 1241 3602; x_wconf 77' lang='lat' dir='ltr'><strong><em>Constantinopolin</em></strong></span> 
     </span>
     <span class='ocr_line' id='line_1_28' title="bbox 139 3605 1302 3676; baseline -0.001 -20"><span class='ocrx_word' id='word_1_201' title='bbox 139 3610 264 3670; x_wconf 72' lang='lat' dir='ltr'><strong><em>veniens,</em></strong></span> <span class='ocrx_word' id='word_1_202' title='bbox 294 3607 358 3674; x_wconf 85' lang='lat' dir='ltr'><strong><em>quid</em></strong></span> <span class='ocrx_word' id='word_1_203' title='bbox 384 3606 437 3659; x_wconf 85' lang='lat' dir='ltr'><strong><em>sibi</em></strong></span> <span class='ocrx_word' id='word_1_204' title='bbox 464 3623 523 3659; x_wconf 90' lang='lat' dir='ltr'><strong><em>cum</em></strong></span> <span class='ocrx_word' id='word_1_205' title='bbox 549 3608 701 3676; x_wconf 77' lang='lat' dir='ltr'><strong><em>Sqrqianne</em></strong></span> <span class='ocrx_word' id='word_1_206' title='bbox 729 3608 897 3671; x_wconf 84' lang='lat' dir='ltr'><strong><em>convenerit,</em></strong></span> <span class='ocrx_word' id='word_1_207' title='bbox 925 3609 1080 3659; x_wconf 84' lang='lat' dir='ltr'><strong><em>renuntiat:</em></strong></span> <span class='ocrx_word' id='word_1_208' title='bbox 1110 3605 1241 3674; x_wconf 83' lang='lat' dir='ltr'><strong><em>Apoeau·</em></strong></span> <span class='ocrx_word' id='word_1_209' title='bbox 1297 3662 1302 3673; x_wconf 43' lang='grc' dir='ltr'><strong><em>Ι</em></strong></span> 
     </span>
     <span class='ocr_line' id='line_1_29' title="bbox 138 3672 1240 3748; baseline -0.003 -20"><span class='ocrx_word' id='word_1_210' title='bbox 138 3678 216 3729; x_wconf 81' lang='lat' dir='ltr'><strong><em>cbsrns</em></strong></span> <span class='ocrx_word' id='word_1_211' title='bbox 246 3678 378 3731; x_wconf 85' lang='lat' dir='ltr'><strong><em>bominem</em></strong></span> <span class='ocrx_word' id='word_1_212' title='bbox 414 3677 519 3731; x_wconf 75' lang='lat' dir='ltr'><strong><em>obscuri</em></strong></span> <span class='ocrx_word' id='word_1_213' title='bbox 551 3672 676 3745; x_wconf 78' lang='lat' dir='ltr'><strong><em>qenes-is,</em></strong></span> <span class='ocrx_word' id='word_1_214' title='bbox 710 3675 756 3727; x_wconf 85' lang='lat' dir='ltr'><strong><em>sed</em></strong></span> <span class='ocrx_word' id='word_1_215' title='bbox 783 3676 939 3745; x_wconf 86' lang='lat' dir='ltr'><strong><em>prudentem</em></strong></span> <span class='ocrx_word' id='word_1_216' title='bbox 966 3680 1108 3748; x_wconf 87' lang='lat' dir='ltr'><strong><em>inprimis,</em></strong></span> <span class='ocrx_word' id='word_1_217' title='bbox 1144 3694 1162 3728; x_wconf 90' lang='lat' dir='ltr'><strong><em>a</em></strong></span> <span class='ocrx_word' id='word_1_218' title='bbox 1190 3692 1240 3743; x_wconf 88' lang='lat' dir='ltr'><strong><em>quo</em></strong></span> 
     </span>
     <span class='ocr_line' id='line_1_30' title="bbox 138 3746 1240 3818; baseline 0 -19"><span class='ocrx_word' id='word_1_219' title='bbox 138 3747 305 3817; x_wconf 82' lang='lat' dir='ltr'><strong><em>postmodum</em></strong></span> <span class='ocrx_word' id='word_1_220' title='bbox 324 3748 370 3801; x_wconf 91' lang='lat' dir='ltr'><strong><em>diu</em></strong></span> <span class='ocrx_word' id='word_1_221' title='bbox 388 3749 603 3815; x_wconf 73' lang='lat' dir='ltr'><strong><em>uehementerque</em></strong></span> <span class='ocrx_word' id='word_1_222' title='bbox 627 3750 767 3801; x_wconf 75' lang='lat' dir='ltr'><strong><em>dioeeatus</em></strong></span> <span class='ocrx_word' id='word_1_223' title='bbox 794 3758 848 3811; x_wconf 92' lang='lat' dir='ltr'><strong><em>est,</em></strong></span> <span class='ocrx_word' id='word_1_224' title='bbox 870 3758 900 3801; x_wconf 91' lang='lat' dir='ltr'><strong><em>ut</em></strong></span> <span class='ocrx_word' id='word_1_225' title='bbox 916 3750 1018 3818; x_wconf 91' lang='lat' dir='ltr'><strong><em>patebit</em></strong></span> <span class='ocrx_word' id='word_1_226' title='bbox 1037 3751 1083 3802; x_wconf 86' lang='lat' dir='ltr'><strong><em>lib.</em></strong></span> <span class='ocrx_word' id='word_1_227' title='bbox 1103 3746 1143 3811; x_wconf 82' lang='grc'><strong><em>3.,</em></strong></span> <span class='ocrx_word' id='word_1_228' title='bbox 1170 3748 1240 3814; x_wconf 68' lang='lat' dir='ltr'><strong><em>Syr-</em></strong></span> 
     </span>
     <span class='ocr_line' id='line_1_31' title="bbox 137 3817 1240 3889; baseline 0 -20"><span class='ocrx_word' id='word_1_229' title='bbox 137 3820 235 3889; x_wconf 80' lang='lat' dir='ltr'><strong><em>qianni</em></strong></span> <span class='ocrx_word' id='word_1_230' title='bbox 261 3822 435 3889; x_wconf 77' lang='lat' dir='ltr'><strong><em>qratificans,</em></strong></span> <span class='ocrx_word' id='word_1_231' title='bbox 465 3820 618 3871; x_wconf 88' lang='lat' dir='ltr'><strong><em>Andronico</em></strong></span> <span class='ocrx_word' id='word_1_232' title='bbox 648 3819 814 3871; x_wconf 89' lang='lat' dir='ltr'><strong><em>commendat</em></strong></span> <span class='ocrx_word' id='word_1_233' title='bbox 838 3817 895 3885; x_wconf 81' lang='grc'>(4).</span> <span class='ocrx_word' id='word_1_234' title='bbox 933 3822 1040 3873; x_wconf 80' lang='lat' dir='ltr'><strong><em>Causae</em></strong></span> <span class='ocrx_word' id='word_1_235' title='bbox 1068 3819 1177 3870; x_wconf 81' lang='lat' dir='ltr'><strong><em>dissidii</em></strong></span> <span class='ocrx_word' id='word_1_236' title='bbox 1194 3820 1240 3869; x_wconf 91' lang='lat' dir='ltr'><strong><em>in-</em></strong></span> 
     </span>
     <span class='ocr_line' id='line_1_32' title="bbox 139 3892 1240 3962; baseline -0.004 -21"><span class='ocrx_word' id='word_1_237' title='bbox 139 3900 180 3941; x_wconf 88' lang='lat' dir='ltr'><strong><em>ter</em></strong></span> <span class='ocrx_word' id='word_1_238' title='bbox 200 3908 278 3943; x_wconf 82' lang='lat' dir='ltr'><strong><em>asum</em></strong></span> <span class='ocrx_word' id='word_1_239' title='bbox 297 3902 322 3943; x_wconf 91' lang='lat' dir='ltr'><strong><em>et</em></strong></span> <span class='ocrx_word' id='word_1_240' title='bbox 343 3901 463 3962; x_wconf 87' lang='lat' dir='ltr'><strong><em>nepotem</em></strong></span> <span class='ocrx_word' id='word_1_241' title='bbox 482 3892 557 3945; x_wconf 88' lang='lat' dir='ltr'><strong><em>oliae</em></strong></span> <span class='ocrx_word' id='word_1_242' title='bbox 576 3892 744 3960; x_wconf 79' lang='lat' dir='ltr'><strong><em>antiquiores</em></strong></span> <span class='ocrx_word' id='word_1_243' title='bbox 764 3892 927 3959; x_wconf 66' lang='lat' dir='ltr'><strong><em>afferuntur,</em></strong></span> <span class='ocrx_word' id='word_1_244' title='bbox 952 3894 1121 3962; x_wconf 77' lang='lat' dir='ltr'><strong><em>prolatisque</em></strong></span> <span class='ocrx_word' id='word_1_245' title='bbox 1147 3906 1240 3941; x_wconf 71' lang='lat' dir='ltr'><strong><em>erem-</em></strong></span> 
     </span>
     <span class='ocr_line' id='line_1_33' title="bbox 138 3958 1239 4030; baseline 0.001 -19"><span class='ocrx_word' id='word_1_246' title='bbox 138 3962 213 4028; x_wconf 81' lang='lat' dir='ltr'><strong><em>piis,</em></strong></span> <span class='ocrx_word' id='word_1_247' title='bbox 243 3980 310 4015; x_wconf 84' lang='lat' dir='ltr'><strong><em>cous</em></strong></span> <span class='ocrx_word' id='word_1_248' title='bbox 339 3966 440 4015; x_wconf 85' lang='lat' dir='ltr'><strong><em>nimiae</em></strong></span> <span class='ocrx_word' id='word_1_249' title='bbox 468 3964 640 4015; x_wconf 86' lang='lat' dir='ltr'><strong><em>austeritatis</em></strong></span> <span class='ocrx_word' id='word_1_250' title='bbox 673 3972 699 4015; x_wconf 88' lang='lat' dir='ltr'><strong><em>et</em></strong></span> <span class='ocrx_word' id='word_1_251' title='bbox 731 3964 945 4030; x_wconf 67' lang='lat' dir='ltr'><strong><em>imporiunitatis</em></strong></span> <span class='ocrx_word' id='word_1_252' title='bbox 977 3962 1153 4014; x_wconf 86' lang='lat' dir='ltr'><strong><em>insimulatur</em></strong></span> <span class='ocrx_word' id='word_1_253' title='bbox 1181 3958 1239 4024; x_wconf 77' lang='lat'><strong><em>(5),</em></strong></span> 
     </span>
     <span class='ocr_line' id='line_1_34' title="bbox 138 4034 1239 4105; baseline -0.003 -22"><span class='ocrx_word' id='word_1_254' title='bbox 138 4050 218 4100; x_wconf 79' lang='lat' dir='ltr'><strong><em>quarn</em></strong></span> <span class='ocrx_word' id='word_1_255' title='bbox 242 4034 289 4085; x_wconf 88' lang='lat' dir='ltr'><strong><em>illi</em></strong></span> <span class='ocrx_word' id='word_1_256' title='bbox 311 4052 358 4105; x_wconf 84' lang='lat' dir='ltr'><strong><em>per</em></strong></span> <span class='ocrx_word' id='word_1_257' title='bbox 381 4034 567 4104; x_wconf 70' lang='lat' dir='ltr'><strong><em>patriarcham</em></strong></span> <span class='ocrx_word' id='word_1_258' title='bbox 591 4034 728 4103; x_wconf 83' lang='lat' dir='ltr'><strong><em>losepbum</em></strong></span> <span class='ocrx_word' id='word_1_259' title='bbox 753 4051 834 4103; x_wconf 84' lang='lat' dir='ltr'><strong><em>nepos</em></strong></span> <span class='ocrx_word' id='word_1_260' title='bbox 858 4034 1010 4105; x_wconf 74' lang='lat' dir='ltr'><strong><em>eeprobrat.</em></strong></span> <span class='ocrx_word' id='word_1_261' title='bbox 1048 4034 1120 4086; x_wconf 89' lang='lat' dir='ltr'><strong><em>Aous</em></strong></span> <span class='ocrx_word' id='word_1_262' title='bbox 1138 4049 1167 4083; x_wconf 91' lang='lat' dir='ltr'><strong><em>se</em></strong></span> <span class='ocrx_word' id='word_1_263' title='bbox 1189 4049 1239 4081; x_wconf 75' lang='lat' dir='ltr'><strong><em>ee-</em></strong></span> 
     </span>
     <span class='ocr_line' id='line_1_35' title="bbox 137 4104 1239 4171; baseline -0.003 -16"><span class='ocrx_word' id='word_1_264' title='bbox 137 4112 224 4156; x_wconf 87' lang='lat' dir='ltr'><strong><em>cusat.</em></strong></span> <span class='ocrx_word' id='word_1_265' title='bbox 263 4106 393 4159; x_wconf 83' lang='lat' dir='ltr'><strong><em>Placatur</em></strong></span> <span class='ocrx_word' id='word_1_266' title='bbox 417 4124 507 4171; x_wconf 89' lang='lat' dir='ltr'><strong><em>nepos.</em></strong></span> <span class='ocrx_word' id='word_1_267' title='bbox 549 4106 645 4159; x_wconf 83' lang='lat' dir='ltr'><strong><em>Verum</em></strong></span> <span class='ocrx_word' id='word_1_268' title='bbox 672 4106 738 4157; x_wconf 86' lang='lat' dir='ltr'><strong><em>baec</em></strong></span> <span class='ocrx_word' id='word_1_269' title='bbox 763 4106 894 4159; x_wconf 84' lang='lat' dir='ltr'><strong><em>dliclsaele</em></strong></span> <span class='ocrx_word' id='word_1_270' title='bbox 921 4106 1007 4158; x_wconf 87' lang='lat' dir='ltr'><strong><em>adbuc</em></strong></span> <span class='ocrx_word' id='word_1_271' title='bbox 1033 4108 1144 4158; x_wconf 82' lang='lat' dir='ltr'><strong><em>virente.</em></strong></span> <span class='ocrx_word' id='word_1_272' title='bbox 1181 4104 1239 4167; x_wconf 81' lang='lat' dir='ltr'><strong><em>Quo</em></strong></span> 
     </span>
     <span class='ocr_line' id='line_1_36' title="bbox 137 4175 1238 4247; baseline -0.002 -22"><span class='ocrx_word' id='word_1_273' title='bbox 137 4178 207 4243; x_wconf 74' lang='lat' dir='ltr'><strong><em>[atis</em></strong></span> <span class='ocrx_word' id='word_1_274' title='bbox 232 4175 368 4241; x_wconf 84' lang='lat' dir='ltr'><strong><em>adsumto,</em></strong></span> <span class='ocrx_word' id='word_1_275' title='bbox 394 4194 453 4231; x_wconf 90' lang='lat' dir='ltr'><strong><em>cum</em></strong></span> <span class='ocrx_word' id='word_1_276' title='bbox 473 4176 601 4247; x_wconf 89' lang='lat' dir='ltr'><strong><em>quoddam</em></strong></span> <span class='ocrx_word' id='word_1_277' title='bbox 623 4176 722 4229; x_wconf 86' lang='lat' dir='ltr'><strong><em>dictum</em></strong></span> <span class='ocrx_word' id='word_1_278' title='bbox 739 4177 874 4247; x_wconf 80' lang='lat' dir='ltr'><strong><em>rediqeret</em></strong></span> <span class='ocrx_word' id='word_1_279' title='bbox 893 4180 919 4229; x_wconf 87' lang='lat' dir='ltr'><strong><em>ei</em></strong></span> <span class='ocrx_word' id='word_1_280' title='bbox 938 4180 968 4229; x_wconf 89' lang='lat' dir='ltr'><strong><em>irs</em></strong></span> <span class='ocrx_word' id='word_1_281' title='bbox 991 4179 1161 4239; x_wconf 87' lang='lat' dir='ltr'><strong><em>memoriam,</em></strong></span> <span class='ocrx_word' id='word_1_282' title='bbox 1187 4188 1238 4241; x_wconf 88' lang='lat' dir='ltr'><strong><em>quo</em></strong></span> 
     </span>
     <span class='ocr_line' id='line_1_37' title="bbox 138 4246 1238 4314; baseline -0.001 -17"><span class='ocrx_word' id='word_1_283' title='bbox 138 4246 275 4299; x_wconf 81' lang='lat' dir='ltr'><strong><em>bonestius</em></strong></span> <span class='ocrx_word' id='word_1_284' title='bbox 304 4266 362 4301; x_wconf 87' lang='lat' dir='ltr'><strong><em>eum</em></strong></span> <span class='ocrx_word' id='word_1_285' title='bbox 387 4248 555 4301; x_wconf 74' lang='lat' dir='ltr'><strong><em>hereditaria</em></strong></span> <span class='ocrx_word' id='word_1_286' title='bbox 584 4251 751 4302; x_wconf 84' lang='lat' dir='ltr'><strong><em>successione</em></strong></span> <span class='ocrx_word' id='word_1_287' title='bbox 775 4251 903 4303; x_wconf 84' lang='lat' dir='ltr'><strong><em>multaret</em></strong></span> <span class='ocrx_word' id='word_1_288' title='bbox 923 4248 986 4312; x_wconf 85' lang='grc'>(6),</span> <span class='ocrx_word' id='word_1_289' title='bbox 1017 4246 1132 4299; x_wconf 85' lang='lat' dir='ltr'><strong><em>ostendit</em></strong></span> <span class='ocrx_word' id='word_1_290' title='bbox 1156 4262 1238 4314; x_wconf 88' lang='lat' dir='ltr'><strong><em>nepos</em></strong></span> 
     </span>
     <span class='ocr_line' id='line_1_38' title="bbox 140 4320 1240 4391; baseline 0.001 -22"><span class='ocrx_word' id='word_1_291' title='bbox 140 4335 192 4385; x_wconf 78' lang='lat' dir='ltr'><strong><em>qua</em></strong></span> <span class='ocrx_word' id='word_1_292' title='bbox 212 4329 299 4371; x_wconf 83' lang='lat' dir='ltr'><strong><em>mente</em></strong></span> <span class='ocrx_word' id='word_1_293' title='bbox 316 4320 433 4373; x_wconf 78' lang='lat' dir='ltr'><strong><em>disserit:</em></strong></span> <span class='ocrx_word' id='word_1_294' title='bbox 459 4322 564 4373; x_wconf 84' lang='lat' dir='ltr'><strong><em>reniam</em></strong></span> <span class='ocrx_word' id='word_1_295' title='bbox 581 4320 688 4373; x_wconf 86' lang='lat' dir='ltr'><strong><em>delictis</em></strong></span> <span class='ocrx_word' id='word_1_296' title='bbox 709 4324 769 4373; x_wconf 88' lang='lat' dir='ltr'><strong><em>suis</em></strong></span> <span class='ocrx_word' id='word_1_297' title='bbox 789 4324 871 4391; x_wconf 87' lang='lat' dir='ltr'><strong><em>petit,·</em></strong></span> <span class='ocrx_word' id='word_1_298' title='bbox 901 4322 946 4373; x_wconf 87' lang='lat' dir='ltr'><strong><em>cui</em></strong></span> <span class='ocrx_word' id='word_1_299' title='bbox 968 4320 1183 4379; x_wconf 79' lang='lat' dir='ltr'><strong><em>Cantacunenus,</em></strong></span> <span class='ocrx_word' id='word_1_300' title='bbox 1209 4327 1240 4370; x_wconf 92' lang='lat' dir='ltr'><strong><em>ut</em></strong></span> 
     </span>
     <span class='ocr_line' id='line_1_39' title="bbox 139 4390 1240 4471; baseline 0 -30"><span class='ocrx_word' id='word_1_301' title='bbox 139 4392 240 4443; x_wconf 73' lang='lat' dir='ltr'><strong><em>instans</em></strong></span> <span class='ocrx_word' id='word_1_302' title='bbox 264 4408 374 4445; x_wconf 85' lang='lat' dir='ltr'><strong><em>causam</em></strong></span> <span class='ocrx_word' id='word_1_303' title='bbox 396 4390 518 4458; x_wconf 78' lang='lat' dir='ltr'><strong><em>babenti,</em></strong></span> <span class='ocrx_word' id='word_1_304' title='bbox 546 4401 627 4445; x_wconf 90' lang='lat' dir='ltr'><strong><em>semet</em></strong></span> <span class='ocrx_word' id='word_1_305' title='bbox 646 4401 672 4444; x_wconf 91' lang='lat' dir='ltr'><strong><em>et</em></strong></span> <span class='ocrx_word' id='word_1_306' title='bbox 691 4395 782 4446; x_wconf 89' lang='lat' dir='ltr'><strong><em>omnia</em></strong></span> <span class='ocrx_word' id='word_1_307' title='bbox 802 4411 853 4447; x_wconf 88' lang='lat' dir='ltr'><strong><em>sua</em></strong></span> <span class='ocrx_word' id='word_1_308' title='bbox 872 4396 979 4471; x_wconf 35' lang='lat' dir='ltr'><strong><em>offert„</em></strong></span> <span class='ocrx_word' id='word_1_309' title='bbox 994 4391 1096 4445; x_wconf 82' lang='lat' dir='ltr'><strong><em>lterum</em></strong></span> <span class='ocrx_word' id='word_1_310' title='bbox 1112 4390 1240 4459; x_wconf 76' lang='lat' dir='ltr'><strong><em>persuqio</em></strong></span> 
     </span>
    </p>
   </div>
   <div class='ocr_carea' id='block_1_5' title="bbox 0 0 1518 4900">
    <p class='ocr_par' dir='ltr' id='par_1_5' title="bbox 0 0 1518 4900">
     <span class='ocr_line' id='line_1_40' title="bbox 0 0 1518 4900; baseline 0 1"><span class='ocrx_word' id='word_1_311' title='bbox 0 0 1518 4900; x_wconf 95' lang='lat' dir='ltr'><strong><em> </em></strong></span> 
     </span>
    </p>
   </div>
  </div>
 </body>
</html>
