3025 4900
452 351 737 420 urstommtuu
769 357 794 418 s.
822 310 904 427 ass
1139 314 1219 444 ¹99

142 506 197 570 tut
215 504 271 568 τοῦ
286 503 404 588 θρόνου
418 506 543 584 καθίζει
557 505 660 572 πάλιν·
676 507 707 572 εἷ
721 509 751 572 δ’
766 503 843 588 ἔχει,
857 502 923 572 τότε
945 509 1000 573 καί
1012 499 1109 596 odeis
1120 509 1218 595 άνάγ-
1228 525 1289 582 tc.
1300 528 1364 584 1325

141 627 180 687 seq
198 605 376 688 πεφθῆναι
397 605 495 670 πάσα.
525 601 574 670 διό
591 604 648 671 καί
674 606 915 689 ἐξανισταμένην
931 609 988 670 sori
1006 607 1221 693 θρόνου,“δόο

141 704 208 766 τεόν
230 698 450 784 γνησιοοτάτων
465 697 662 790 ἑκατέρωθεν
681 703 850 786 λαβόμενοι
873 707 1049 786 συγγενῶν,
1078 700 1101 790 ἢ
1124 708 1154 771 εἷ
1175 706 1247 792 μηΒ

141 801 290 881 γνησίους
305 795 386 881 ἔχοι,
406 803 549 882 ε’κτομίαι
565 803 709 867 τοσοῦτοι
723 804 779 886 τῆς
799 799 984 886 άναβάθρας
998 826 1033 866 τε
1049 806 1222 888 κατάγουσι

125 897 204 961 5καί
211 897 362 982 φέροντες
377 893 485 962 letoius
503 895 564 984 πρό
580 901 638 964 τοῦ
654 899 786 964 σωλόου.
805 896 1031 985 κατερχόμενος
1043 903 1079 966 δὲ
1095 899 1112 978 ό
1128 907 1222 985 βασι-

140 993 225 1077 teir,
241 992 276 1061 τὸ
298 998 340 1059 δι’
359 995 455 1080 αότην
478 997 723 1082 ηὕτρεπισμένον
735 999 861 1081 στέμμα
881 998 1050 1082 λαμβάνων
1072 995 1134 1064 sind
1149 1026 1222 1086 γνη-

140 1095 222 1160 σίων
240 1087 544 1178 τινῶνῆ-έκτομιῶν
567 1096 788 1179 κατεχόμενον,
820 1094 876 1162 καί
900 1096 977 1162 αι’τό
1001 1097 1159 1183 ἐπιτίθησι
1184 1103 1223 1186 τῇ

141 1195 267 1279 κεφαλῇ
282 1195 339 1276 τῆς
352 1192 520 1276 γυναικός·
538 1193 559 1280 ἢ
584 1197 619 1261 δὲ
639 1192 693 1262 τόν
708 1188 810 1283 άνδρα
831 1193 888 1261 καί
900 1199 1033 1280 βασιλέα
1046 1205 1222 1284 προσκυνεῖ,

141 1291 291 1356 δουλείαν
310 1287 517 1375 ὁμολογοῦσα.
533 1289 550 1358 ὃ
565 1293 763 1379 πατριάρχης
780 1290 915 1380 δὲπαρά
929 1291 984 1361 τόν
998 1297 1120 1361 σωλόαν
1134 1293 1222 1360 ἱστά-

103 1411 236 1470 ιομενος
263 1391 319 1455 καί
345 1388 454 1472 αὐτὸς,
480 1393 616 1476 ἐπιλέγει
641 1391 739 1476 εόχην
762 1393 841 1479 sindo
862 1417 898 1459 τε
917 1396 975 1460 τοῦ
991 1397 1144 1476 βασιλέως
1169 1393 1225 1459 καί

138 1485 304 1572 βασιλιθος
324 1488 381 1554 καί
396 1490 453 1554 τοῦ
467 1489 607 1575 ὑπηκόου
623 1490 746 1569 παντός.
767 1487 849 1558 οὕτω
867 1496 929 1575 μὲν
945 1485 1000 1558 οὖν
1016 1491 1071 1558 καί
1097 1489 1114 1557 ό
1129 1497 1222 1575 βασι-

138 1581 217 1662 sate
238 1583 298 1670 τὴν
322 1585 408 1653 ἰδίαν
432 1598 565 1672 γυναῖκα
588 1591 709 1676 στέφει.
738 1589 770 1656 εί
788 1592 825 1657 δὲ
849 1592 957 1678 συμβῇ
971 1594 1218 1677 προεστεμμένον

139 1679 223 1750 εἶναι
238 1683 293 1750 τόν
307 1689 459 1770 βασιλέα,
480 1685 535 1753 ἐπί
549 1689 607 1774 τῆς
624 1689 686 1753 τάν
699 1685 809 1773 γάμων
825 1692 950 1774 τελετῆς
965 1685 982 1752 ό
999 1687 1150 1773 βασιλεός
1162 1685 1245 1774 τῆνο

141 1783 228 1848 ίόίαν
253 1783 406 1864 οόσαότως
422 1787 531 1873 στέφει
546 1795 688 1871 γυναῖκα.
720 1781 818 1862 αόθις
839 1789 875 1851 δὲ
891 1786 1066 1874 ἀμφότεροι
1089 1787 1144 1852 έπί
1168 1783 1224 1874 την
1256 1831 1259 1845 ·

104 1879 333 1970 ιόάναβάθραν
352 1877 565 1970 άνερχόμενοι,
586 1885 743 1971 κάθηνται
759 1887 814 1952 έπί
832 1888 895 1950 τῶν
907 1881 1043 1971 θρόνων,
1061 1877 1225 1971 τῆςάλλης

140 1983 363 2064 μυσταγωγίας
388 1986 584 2070 τελουμένης.
611 1984 767 2072 ᾀδομένου
795 1985 905 2066 μέντοι
928 1986 988 2048 cosi
1019 1983 1225 2072 τρισαγιόυῆ
1277 2057 1280 2061 7

140 2081 206 2144 τεόν
221 2079 434 2148 dunusci-suuis
447 2084 579 2168 γραφῶν
595 2077 617 2168 ἢ
635 2086 697 2148 τῶν
720 2085 818 2147 θειων
835 2080 949 2166 λογίων
968 2084 1221 2166 άναγινωσκομί-
1289 2084 1291 2089 ’

142 2201 214 2258 νων,
230 2177 416 2245 ἀνίστανται
435 2183 489 2245 καί
507 2174 609 2250 οὗτοί.
628 2182 662 2260 ἐξ
680 2176 834 2266 ἑκατέρων
850 2183 886 2245 δὲ
906 2181 968 2246 τῶν
990 2183 1050 2246 τοῦ
1069 2186 1147 2246 ναοῦ
1166 2207 1224 2264 με-

142 2279 210 2363 ρὸν
229 2275 286 2342 ε’πί
309 2278 440 2355 ξυλίνων
466 2273 658 2365 άναβαθρῶν
678 2281 723 2356 ἐἰς
744 2274 824 2345 αότό
844 2281 936 2343 audeo
959 2283 1174 2365 πεποιημένων
1194 2281 1225 2346 οἱ
1278 2294 1284 2306 '

102 2375 372 2463 nonporoum'lsut
389 2375 554 2460 ἱστάμενοι
578 2379 633 2442 καί
649 2381 826 2460 όομέστικοι
851 2375 1028 2462 λεγόμενοι,
1050 2378 1105 2444 καί
1122 2382 1225 2468 ἓτερον

140 2478 196 2559 τῆς
211 2476 464 2563 ἐκκλησιαστικῆς
482 2476 598 2557 τάξεως
615 2470 703 2567 ᾅδειν
718 2478 849 2559 εἰδότες,
870 2472 927 2555 οὓς
941 2480 996 2544 ἐπὶ
1009 2481 1065 2564 τῆς
1079 2481 1225 2565 τοιαύτης

139 2575 265 2657 τελετῆς
292 2571 426 2659 κράκτας
452 2574 525 2651 ἔθος
554 2573 717 2657 ὀνομάζειν
750 2577 837 2658 ἐστι’,
874 2578 954 2661 μέλη
990 2574 1063 2643 τινά
1093 2569 1224 2665 ᾄδουσιν

141 2670 320 2756 ἐξεπίτηδες
335 2678 559 2755 συντεθειμένα
586 2673 770 2759 ἁρμόζοντα
785 2678 824 2762 τῇ
841 2670 945 2763 ἑορτῇ.
962 2676 1017 2759 τῆς
1037 2674 1172 2760 μεγάλης
1188 2676 1224 2740 δὲ

212 2822 256 2859 ao.
273 2794 442 2860 Dicebautur
460 2808 503 2860 illi
520 2804 663 2881 domestici
676 2822 829 2864 centorum.
840 2810 900 2899 ξίν.
911 2810 944 2864 P.

141 2924 192 2977 illo
204 2930 329 2994 tempore
346 2926 466 2978 caruerit
483 2942 585 2989 uxore,
615 2933 690 2978 recta
712 2942 858 2977 conscenso
876 2926 997 2989 throno,
1016 2928 1116 2978 iterum
1130 2923 1222 2977 sedet:

141 2993 166 3046 si
187 2993 289 3057 habet,
314 2998 426 3048 omuino
450 3005 478 3047 et
499 2998 573 3047 illam
594 3012 693 3047 corona
716 2995 844 3063 insigniri
866 3012 977 3045 necesse
994 3004 1043 3047 est.
1086 2997 1106 3047 E
1125 2994 1223 3045 throno

65 3079 68 3090 ¹
141 3066 236 3135 itaque
260 3074 414 3135 surgentem
442 3064 496 3119 duo
520 3066 651 3137 epropiu
672 3066 789 3117 uissimis
806 3064 900 3115 dextra
916 3064 1047 3133 laevaque
1063 3079 1122 3113 eam
1140 3079 1223 3131 preu-

141 3142 247 3197 sautes‚
266 3143 313 3187 aut
326 3172 334 3197 ,
349 3137 373 3187 si
388 3136 432 3187 illi
448 3136 555 3201 desint,
578 3080 697 3187 eunudhi
715 3134 749 3186 de
765 3130 912 3186 anabathra
938 3131 1092 3195 deducunt,
1115 3138 1222 3184 etanta

142 3204 245 3255 soleam
263 3206 444 3264 constituunt.
481 3206 552 3257 'l'uus
572 3204 713 3257 descendit
728 3204 762 3257 de
783 3202 900 3255 ambone
917 3204 1076 3270 imperator,
1101 3210 1130 3255 et
1140 3217 1222 3271 para-

141 3280 197 3324 tam
210 3274 254 3325 illi
271 3292 398 3327 eoronam
411 3276 596 3347 apropinquis
608 3283 656 3328 aut
667 3274 814 3338 eunuchis,
834 3290 892 3325 eam
911 3274 1038 3325 similiter
1055 3270 1222 3336 tenentibus,

143 3344 298 3412 accipiens,
317 3346 407 3397 uxoris
423 3346 505 3415 capiti
521 3347 653 3415 imponit:
674 3362 742 3416 quae
755 3345 882 3396 maritum
900 3344 1089 3411 imperatorem
1108 3342 1222 3394 adorans

142 3414 182 3464 ita
194 3431 224 3465 se
234 3414 277 3465 illi
290 3414 439 3467 subiectam
452 3416 599 3485 profitetur.
610 3408 762 3467 patriarcha
771 3431 836 3467 vero
848 3412 882 3465 ad
900 3414 1000 3465 soleam
1014 3413 1162 3463 consistens
1173 3429 1222 3479 pro

143 3484 316 3552 imperatore,
327 3486 496 3554 imperatrice
510 3496 537 3539 et
550 3503 642 3539 eorum
659 3486 768 3554 populis
781 3500 874 3553 preces
889 3484 1056 3553 pronuntiat.
1074 3481 1131 3533 Hoc
1140 3483 1223 3549 igitur

143 3554 223 3605 modo
238 3557 386 3623 imperator
401 3557 542 3625 coniugem
557 3572 632 3606 susm
645 3564 764 3607 coronat
785 3555 814 3605 Si
831 3562 911 3605 autea
924 3569 1022 3605 corona
1037 3553 1095 3620 ipse
1110 3552 1221 3604 indutus

143 3624 207 3685 fuit,
222 3626 296 3677 inter
306 3640 380 3676 sacra
391 3626 543 3693 nuptiarum
557 3623 586 3675 id
601 3625 675 3676 lacit
693 3624 821 3677 Coronati
838 3624 917 3675 ambo
931 3639 985 3692 qua
1005 3621 1106 3673 dictum
1120 3631 1163 3673 est
1176 3639 1223 3673 ce·

144 3694 270 3756 simonia,
292 3693 382 3749 denuo
398 3693 571 3747 anabathram
589 3694 774 3757 ascendentes,
789 3695 818 3745 iu
830 3693 934 3745 thronis
948 3691 1074 3743 resident.
1092 3694 1163 3743 Dum
1176 3708 1224 3743 re-

143 3762 250 3833 liquum
264 3764 360 3815 missac
373 3764 522 3817 absolvitur
532 3772 560 3815 et
570 3764 698 3832 trisagion
713 3771 900 3825 cantatur,aut
913 3761 947 3813 dc
955 3763 1108 3830 apostolicis
1123 3761 1224 3813 litteris

145 3835 259 3885 sacriste
273 3834 412 3903 scripturis
426 3833 531 3905 aliquid
548 3835 683 3897 recitatus,
700 3841 728 3885 et
742 3834 795 3903 ipsi
810 3840 959 3901 assurgunt.
977 3833 1016 3883 Ex
1032 3839 1146 3903 utruque
1161 3848 1223 3881 vero

143 3904 239 3970 templi
251 3912 327 3972 parte
342 3921 422 3972 super
436 3906 533 3973 ligneis
543 3902 708 3963 anabudum,
721 3902 756 3955 nd
770 3904 823 3954 hoc
839 3905 929 3970 ipsum
939 3905 1106 3970 comparatis,
1121 3908 1223 3953 stantes

142 3974 344 4041 protopsultae‚
369 3978 417 4046 qui
437 3974 577 4027 domestici
595 3981 740 4035 vocantur,
765 3981 793 4025 et
810 3972 894 4025 ceteri
913 3970 1015 4023 ordinis
1036 3971 1224 4032 ecelesiastici,

142 4043 190 4110 qui
209 4050 319 4095 cantare
334 4053 450 4107 norunt,
474 4063 541 4116 quos
560 4045 589 4095 in
610 4043 711 4105 talibus
733 4044 814 4095 sacris
832 4044 988 4095 clamatores
1007 4042 1140 4110 appellari
1158 4057 1219 4090 mos

143 4119 195 4173 est,
216 4113 320 4164 cantica
346 4114 478 4185 quaedam
496 4114 530 4165 de
551 4113 682 4166 industria
711 4112 745 4164 ad
762 4112 842 4164 huius
860 4112 917 4165 dici
945 4113 1007 4164 sesti
1031 4111 1219 4173 celebritatem

144 4181 269 4233 conlecta
285 4182 466 4237 modulantur.
509 4184 625 4254 Quando
653 4192 744 4236 autem
763 4183 790 4233 iu
808 4199 880 4235 sacra
898 4190 1014 4251 mystugo
1033 4183 1060 4231 ia
1078 4182 1131 4231 iam
1150 4187 1221 4229 tcm-

144 4266 195 4319 pus
218 4258 284 4315 esa·
300 4260 330 4307 nt
354 4254 512 4311 instituatur
538 4255 690 4325 processio,
721 4270 791 4325 quae
813 4251 924 4325 μεγάλη
955 4200 1069 4308 εἴσοδος
1098 4248 1221 4318 appella·
