3025 4900
458 257 742 322 nrsromnnun
772 261 811 322 n.
834 261 885 326 to.
1135 235 1217 349 487

133 413 260 497 ι’διάτης
276 411 439 491 Ῥωμαῖον
460 411 611 500 άδικησῃ,
632 405 695 476 άπὸ
717 407 779 477 τάν
797 409 974 498 προσόντων
995 411 1084 502 edesii
1104 413 1284 499 κτημά-Α.ῦ.
1299 424 1365 492 ι334

131 536 197 576 των
225 505 246 595 ἢ
276 501 466 596 πραγμάτων
486 510 544 593 τὴν
570 513 685 596 ζημίαν
704 511 937 593 ἀπολαμβάνειν
957 507 1012 578 τάν
1039 513 1219 595 Ῥωμαῖον.

131 603 172 675 άν
191 611 227 674 δὲ
246 613 304 676 καί
321 613 359 695 τῇ
378 613 524 698 βασιλεία
544 609 715 692 Ῥωμαίων
733 609 792 693 την
813 609 928 694 ζημίαν
950 613 1080 698 προξενῇ
1117 607 1138 698 ἢ
1159 615 1216 698 νῆ-

132 733 187 776 σον
208 707 392 795 διαρπάζων
409 701 430 794 ἢ
450 707 541 776 πόλιν
560 707 633 773 τινά
654 708 810 794 παράλιον
831 699 852 793 ἢ
870 733 901 775 τι
921 712 1044 796 ἕτερον,
1073 711 1125 776 τὸν
1147 709 1216 779 ἴσον

106 811 247 895 ὄτράπον
271 803 333 874 dut
355 812 418 875 τιδν
438 809 563 872 ἐκείνων
583 806 746 893 κτημάτων
766 807 822 874 κἀί
840 808 1044 893 πραγμάτων,
1066 811 1097 874 εἰ
1109 812 1221 878 πολλοί

127 901 193 974 εἶεν
213 904 236 993 ἢ
256 903 320 992 εἷς,
346 908 403 995 τὴν
423 911 538 994 ζημίαν
559 909 788 998 άποτίννυσδγι
808 912 950 992 βασιλεῖ,
979 908 1079 973 αάτὸν
1101 911 1137 973 δέ
1155 928 1219 994 ψη-

130 1004 281 1093 φίζεσθαι
308 1011 454 1090 πολέμιον
484 1009 529 1097 τῷ
549 1007 648 1096 ’δημιγ
669 1011 726 1072 καί
751 1008 789 1096 τῇ
809 1011 911 1096 βουλῇ
918 1059 928 1091 ,
964 1010 1019 1074 καί
1038 1007 1243 1094 στρατεάεινῦ

129 1108 180 1170 ἐπ’
199 1109 315 1174 ἐκεῖνον
335 1106 379 1183 ὥς
399 1098 533 1172 άπιστον
554 1105 610 1171 καί
629 1104 785 1192 προδότην
807 1109 864 1173 τοῦ
884 1111 1007 1174 κοινοῦ.
1033 1101 1072 1174 οὗ
1094 1107 1132 1194 (λη’
1154 1107 1220 1174 ἓνε-

129 1231 169 1268 κα
189 1205 245 1272 καί
263 1209 395 1290 βασιλέα
415 1204 584 1294 πρεσβείαν
603 1203 684 1291 πρὸς
701 1209 733 1272 Γ
730 1207 860 1272 ἑννουαν
881 1200 1119 1289 άπεσταλκέναι,
1140 1202 1219 1272 ὥστε

80 1303 172 1392 τομὴ
191 1302 289 1387 μόνον
308 1303 348 1371 τά
368 1305 510 1391 κτήματα
531 1304 622 1387 ὑμῶν
641 1307 712 1371 τάν
720 1307 891 1390 χρημάτων
906 1309 995 1371 ἕνεκα
1010 1296 1055 1370 ὧν
1077 1299 1219 1371 άνάλωσε

126 1408 271 1485 πολεμῶν
291 1404 369 1485 ὑμῖν
388 1406 603 1491 παραλαβεῖν,
632 1401 713 1470 άλλά
737 1409 794 1470 καί
815 1403 952 1492 τριήρεις
972 1405 1118 1470 κελεῦσαι
1139 1407 1219 1485 πίμ-
1250 1449 1256 1456 -

125 1519 192 1584 ψαι
209 1509 284 1568 καθ’
304 1503 395 1586 ὁμοῖν
415 1502 496 1568 κατά
516 1501 556 1568 τά
578 1501 766 1586 συγκείμενα
787 1503 844 1568 καί
868 1500 942 1581 τοάς
963 1497 1095 1586 ὅρκους.
1135 1498 1217 1567 olore
1309 1569 1313 1578 ,

9 1680 16 1698 .
126 1595 168 1670 ἐκ
182 1605 214 1668 Γ
211 1601 339 1680 εννοάας
359 1603 398 1668 ου’
415 1601 516 1685 μόνον
536 1600 720 1688 ἐπικουρίαν
741 1601 912 1685 οάδεμίαν,
941 1595 1020 1666 άλλά
1052 1605 1107 1667 καί
1125 1600 1214 1666 πόλε-

8 1750 13 1798 '.
76 1777 84 1784 ¹
120 1705 187 1782 ’μοι
207 1705 263 1767 καί
280 1695 434 1768 ἐπίπλουν
453 1705 630 1792 προσδοκᾷν
649 1701 722 1787 χρη.
751 1695 801 1766 δτι
821 1703 857 1766 δὲ
877 1701 932 1767 καί
949 1705 1014 1767 τῶν
1034 1703 1218 1785 ἐπιτηδείων

69 1793 184 1869 “uberis
213 1825 247 1865 τε
276 1805 393 1878 ἐνδεεῖς
421 1801 493 1866 ε’στε
519 1803 575 1866 καί
598 1806 672 1885 μετ’
700 1802 804 1885 ὀλίγον
823 1801 980 1884 ἐπιλείψει
1000 1803 1159 1876 παντελῶς
1178 1795 1218 1863 δ-

120 1903 206 1982 Ιμάς,
227 1901 262 1979 ἒξ
280 1899 388 1966 aristis
407 1893 448 1966 άν
468 1926 516 1979 τις
536 1905 600 1966 τῶν
620 1897 813 1987 πραγμάτων
834 1901 1030 1986 άληδὲστατα
1050 1895 1219 1986 τεκμὴραιι

123 2024 177 2069 το.
222 1999 252 2064 oi
271 1995 333 2087 γάρ
353 2000 552 2078 ἐξελαθέντες
571 2004 627 2067 τοῦ
643 1992 753 2077 άστεος
773 2001 831 2090 v‘p’
855 1997 945 2083 aipein
960 1999 1138 2084 Ῥωμαῖοι,
1171 1990 1216 2066 dv

125 2095 217 2164 ἀὖτοί
235 2097 276 2164 τά
297 2093 461 2184 ἐπιτήδειά
481 2100 633 2182 λαβόντες
651 2105 794 2185 χρῆσθε,
827 2097 861 2164 τά
883 2103 999 2188 μέτρον
1018 2103 1073 2183 τῆς
1092 2099 1316 2188 τροφῆςΜθῚ

124 2197 204 2284 πρὸς
224 2196 261 2262 τά
282 2200 346 2261 τῶν
366 2201 637 2281 πολιορκουμένων
658 2203 782 2281 πλῆθος
808 2198 1016 2280 λογιζόμενοι,
1044 2195 1127 2276 ἐντὸς
1150 2197 1217 2263 σ’λί-

71 2321 183 2381 noyon
202 2294 322 2378 χρόνουΙ
343 2289 530 2358 παντάπασί
545 2318 644 2379 φασιν
662 2295 749 2376 ὑμᾶς
768 2287 819 2360 τά
832 2297 915 2360 σιτία
938 2297 1120 2380 ἐπιλείψειν.
1152 2301 1217 2364 λεί-

107 2399 219 2461 ’πεται
241 2390 280 2479 δι’]
304 2391 383 2474 μίαν
415 2386 641 2455 ὖπολείπεσθαι
671 2393 784 2458 ἐλπίδα
812 2392 988 2479 σωτηρίας,
1014 2391 1049 2459 τά
1062 2452 1066 2461 ,
1080 2397 1215 2479 βασιλέα

122 2491 351 2586 ῥηθυμὴσαντα
374 2486 396 2580 ἢ
418 2486 472 2556 διά
493 2488 528 2557 τὸ
549 2494 614 2557 τοῖν
632 2490 886 2577 άναλισκομίνων
908 2495 1028 2579 πλῆθος
1043 2495 1215 2581 χρημάτων

120 2682 160 2734 tis
178 2683 252 2733 enim
268 2680 430 2749 plenissime
448 2678 537 2749 poetis
554 2686 584 2731 et
602 2677 772 2745 foederibus,
790 2696 861 2751 qnae
879 2696 939 2731 euna
957 2681 1075 2731 Romano
1096 2678 1213 2747 imperio

121 2762 232 2805 senatus
257 2752 431 2821 populusque
449 2750 615 2801 Genuatiurn
638 2751 712 2818 pacis
742 2768 821 2803 eausa
845 2751 928 2811 fecit,
952 2758 1061 2819 praeter
1079 2750 1133 2799 aliu
1158 2748 1212 2801 hoc

125 2824 208 2873 etiam
233 2821 386 2884 contineri,
414 2831 445 2873 ut
464 2836 607 2873 commuue
631 2822 751 2891 ipsorum
778 2838 833 2871 uon
858 2818 940 2871 modo
967 2820 1072 2871 nullum
1091 2821 1211 2871 Romano

124 2894 242 2961 imperio
261 2892 456 2943 detrimentum
481 2892 642 2943 damnumve
667 2892 816 2959 importet,
850 2891 873 2942 si
899 2890 1002 2941 nullam
1021 2890 1088 2941 belli
1110 2890 1212 2942 occasi-

124 2978 206 3015 onem
225 2962 347 3026 dederit,
366 2962 414 3013 sed
436 2962 458 3013 si
504 2962 546 3013 uis
566 2963 650 3012 etiam
667 2963 789 3029 privatus
814 2962 961 3011 Romanum
980 2961 1134 3029 quempiam
1154 2962 1213 3012 lae-

124 3036 207 3097 serit,
227 3043 258 3085 ut
276 3034 309 3085 de
328 3033 493 3101 possessioni
517 3050 546 3093 us
564 3040 611 3082 aut
630 3032 809 3085 faerrltatibus
829 3034 887 3082 eius
900 3034 1019 3083 llumnno
1039 3032 1139 3082 mulcta
1156 3030 1214 3081 sol-

124 3113 212 3157 vatur.
249 3106 298 3155 Sin
315 3104 432 3174 imperio
444 3104 563 3153 Romano
583 3100 793 3153 detrimentosus
812 3104 946 3165 extiterit,
967 3112 1014 3152 urit
1030 3102 1145 3153 inertiam
1166 3107 1214 3152 aut

125 3176 288 3226 muritImam
308 3174 404 3224 urbem
425 3180 473 3223 aut
492 3173 567 3224 uliud
586 3172 734 3239 diripiens,
762 3183 793 3225 ut
820 3174 913 3225 eadem
932 3174 1038 3225 ratione
1057 3171 1091 3223 de
1118 3188 1212 3223 eorum

124 3245 344 3315 possessionibus
362 3255 409 3295 aut
427 3242 621 3305 laerrltutibus,
640 3261 687 3294 seu
705 3244 797 3312 plures
821 3261 869 3295 seu
900 3260 969 3295 unus
989 3242 1130 3293 dumtaxat
1147 3241 1210 3293 lue-

125 3316 178 3377 rit,
196 3316 356 3383 imperatori
373 3315 486 3366 satisfiat
503 3316 617 3385 ipseque
637 3332 653 3365 a
672 3322 768 3365 senatu
787 3316 945 3385 populoque
968 3312 1107 3365 Geuuensi
1124 3310 1211 3363 bostis

122 3384 277 3447 iudicetur,
300 3394 329 3435 et
355 3402 427 3435 arma
453 3387 483 3436 in
506 3386 582 3436 illum
603 3390 633 3437 ut
653 3384 790 3455 perfidum¹
807 3403 838 3435 ac
856 3384 1023 3453 reipublicae
1043 3380 1211 3451 proditdrem
1298 3429 1303 3440 ,

121 3460 272 3525 capiantur.
310 3453 394 3506 Cuius
414 3456 454 3507 rei
468 3456 555 3523 gratia
570 3465 599 3507 et
616 3458 805 3525 imperatorem
825 3455 860 3506 nd
874 3454 1031 3505 Geunenses
1047 3453 1211 3519 legationem

119 3528 227 3577 misisse
246 3526 351 3581 nostis.
368 3542 425 3576 non
443 3526 530 3577 solum
550 3534 582 3576 ut
599 3526 698 3578 fundos
719 3534 746 3577 et
773 3526 852 3576 villas
871 3534 972 3575 vestras
992 3522 1026 3574 ud
1047 3522 1208 3575 reficiendos

122 3606 262 3663 sumptus,
281 3594 345 3645 dum
362 3594 500 3646 vobiscum
519 3594 682 3663 belligerat,
699 3597 827 3647 toleratos
846 3596 980 3665 recipiat,
1000 3590 1111 3645 sedens
1130 3596 1208 3645 iusu-

59 3701 62 3707 -
121 3684 172 3737 per
189 3666 224 3718 ad
241 3667 364 3717 triremes
382 3664 531 3717 seeundum
551 3674 685 3717 conventa
704 3676 731 3716 et
750 3668 902 3717 iuramenta
920 3674 1013 3716 contra
1031 3676 1075 3713 vos
1094 3665 1208 3715 mitten-

122 3735 171 3789 dos
192 3737 340 3804 impulisse.
377 3735 561 3807 Quamobrem
588 3752 645 3786 non
671 3734 825 3787 subsidium
846 3734 960 3795 Genua,
985 3732 1033 3785 sed
1057 3732 1158 3785 bellum
1179 3742 1208 3786 et

121 3806 230 3857 hostilis
249 3804 421 3875 adnavigutio
440 3808 524 3875 magis
543 3806 724 3875 exspectanda
739 3804 817 3857 vobis
829 3813 877 3859 est.
913 3806 996 3857 Porro
1015 3812 1042 3854 et
1059 3806 1145 3856 vietus
1160 3806 1206 3857 iu-

122 3876 187 3946 opia
205 3892 251 3926 vos
268 3876 408 3936 laborare,
433 3878 570 3947 pauloque
589 3884 652 3945 post
669 3875 743 3949 qnod
761 3874 902 3927 haesitetis
916 3892 973 3927 uon
998 3874 1154 3937 habiturus,
1172 3890 1206 3925 ex

122 3965 153 3998 re
170 3946 228 4015 ipsa
245 3945 309 3997 duci
326 3955 513 4015 argumentum
533 3946 712 3999 certissimum
732 3954 830 4015 potest
867 3946 943 4015 Quos
962 3947 1034 3996 enim
1055 3946 1120 3996 urbe
1139 3960 1206 3995 exe-

123 4016 199 4088 gistis
219 4017 350 4077 Romani,
368 4032 540 4085 quorumque
557 4017 696 4069 alimentis
713 4015 857 4079 fruimini,
882 4032 1033 4067 mensuram
1059 4016 1205 4067 alimoniae

123 4104 184 4138 eum
202 4086 372 4137 obsessorum
390 4086 568 4139 multitudine
587 4085 793 4149 contendentes,
813 4088 884 4138 intru
903 4085 984 4138 breve
998 4096 1102 4153 tempus
1115 4083 1205 4133 omni·

121 4156 210 4217 modis
227 4164 379 4211 commeatu
399 4172 445 4211 vos
466 4158 595 4211 carituros
609 4157 752 4210 affirmarit.
788 4158 857 4228 Ergo
875 4154 945 4211 bueo
956 4174 1010 4209 una
1028 4172 1088 4226 spes
1107 4150 1204 4205 salutis
