3025 4900
250 333 260 362 1

469 355 772 422 msuonuauu
801 354 828 416 1.
860 345 909 418 ια
1178 319 1232 444 73

137 523 197 591 τινὶ
207 522 390 606 σεβόσματι
411 521 580 607 προσέχειν
594 517 653 603 ἐμὲ
668 517 818 602 νομίζεις,
839 519 901 582 τῶν
925 515 1081 601 ἀνονήτων
1095 519 1151 584 καὶ
1167 541 1224 582 πε.
1234 521 1304 580 dc.
1313 522 1381 578 1321

137 624 258 712 ρατῶν,
290 613 336 686 dr
364 621 506 707 ήθέτησα
526 619 583 704 τήν
603 619 719 699 πίστιν,
750 621 835 683 ταῦτ’
858 619 904 692 εἰς
929 615 1023 700 ὅρκον
1052 619 1125 701 ἐμοὶ
1145 626 1255 723 πρρ-λλ

133 695 271 809 βαλέειν·
307 719 429 812 ῥριδίως
449 719 511 807 γὰρ
542 715 581 784 dr
608 719 854 800 καταψεύσομαι
876 721 939 782 τοῖν
963 717 1008 802 μή
1030 719 1226 802 τιμωμένων.

136 823 184 892 διδ
208 824 249 910 δή
270 847 331 889 σου
354 823 478 906 δέομαι,
510 823 656 904 βασιλεῦ,
690 819 832 904 μήπερί
858 821 920 884 τῶν
945 821 1093 885 τοιοότων
1114 824 1226 908 λόγους
1301 847 1304 854 ’
1330 899 1335 911 ¹

118 929 240 992 οκινεῖν·
261 921 373 1009 χάριτι
393 920 455 1006 γὰρ
468 922 613 1006 Χριστοῦ
632 922 687 986 καί
707 919 900 1006 Χριστιανός
920 917 988 1004 εἰμι
1008 920 1065 986 καί
1084 923 1146 987 τῶν
1168 922 1227 1008 όρ.
1324 959 1329 966 -

134 1024 290 1102 sadatur.
333 1020 414 1087 sarri
443 1025 503 1088 σοῦ
533 1025 568 1088 δέ
585 1023 664 1108 μήτε
692 1021 808 1106 δράσαι
837 1022 915 1106 μήτε
934 1023 1180 1105 βουλεύσασθαί
1196 1048 1227 1090 τι

132 1123 240 1204 κακόν,
267 1124 324 1190 καί
338 1125 398 1188 νῦν
419 1124 480 1206 μὲν
499 1117 618 1206 ὄμνυμι
636 1121 690 1187 τόν
711 1121 850 1204 οὐρανοῦ
870 1124 925 1188 καί
943 1125 1001 1208 γῆς
1021 1122 1162 1206 ποιητήν,
1185 1126 1227 1200 ὦς

133 1222 206 1294 οὔτε
226 1226 382 1311 πρότερον
405 1225 453 1299 είς
475 1221 643 1308 λογισμοδς
663 1220 812 1307 ὑπήχθην
833 1224 1003 1303 τοιούτους,
1035 1217 1099 1289 οὔτ’
1120 1224 1155 1290 έν
1181 1227 1228 1311 τῷ

131 1326 283 1411 μέλλοντι
303 1322 400 1400 κακός
421 1323 565 1409 ὀφθῆναι
583 1323 742 1405 βούλομαι
765 1323 839 1408 περὶ
861 1322 908 1388 σέ.
937 1325 994 1390 σόν
1018 1328 1048 1390 δ’
1069 1323 1227 1412 ἐπίταγμα

102 1429 317 1513 λῦἔιιπληρῶν,
358 1425 414 1491 καὶ
445 1418 542 1500 αὖθις
571 1423 724 1508 σ’μοῦμαι.
769 1425 845 1509 περὶ
876 1425 911 1489 δὲ
941 1417 998 1489 τὀὕ
1031 1426 1228 1509 καταδήλους

131 1522 205 1602 τούς
225 1525 301 1608 ἐμοὶ
318 1524 472 1600 συνέντας
488 1526 544 1589 κατ’
558 1521 660 1588 ταύτὰ
673 1523 890 1606 βουλομένους
908 1524 961 1590 σοὶ
974 1523 1103 1603 θέσθαι,
1127 1526 1256 1592 έκεῖνοῦ

132 1622 226 1709 λέγω,
247 1621 293 1701 ιδς
312 1621 408 1701 ου’τὸς
429 1620 468 1688 δν
489 1623 607 1708 εἰδείης
627 1625 750 1710 μᾶλλον
771 1625 860 1706 ἐμοῦ,
884 1622 1015 1699 ὁποίους
1035 1625 1123 1700 τινὰς
1143 1623 1228 1702 εἰκός

134 1717 218 1788 εἶναι
237 1722 313 1799 τούς
335 1722 583 1806 προσκειμένους
602 1724 685 1807 ε’μσί.
713 1722 796 1790 ὅπου
815 1724 877 1810 γὰρ
896 1724 1072 1810 χρημάτων
1092 1725 1151 1810 μέν
1170 1749 1228 1808 μοι

134 1825 234 1910 πόρος
254 1823 369 1903 οὐδεὶς,
391 1817 439 1902 οἷς
452 1822 492 1890 δν
507 1823 588 1901 ἴσως
602 1826 746 1909 πείσαιμι
764 1829 826 1891 ταῖν
845 1825 944 1905 α’ξίων
957 1849 1014 1909 μοι
1031 1826 1125 1910 λόγου
1141 1824 1229 1901 τινὰς

103 1925 318 2010 Ῑοπροσέχειν,
341 1925 526 2012 παρρησίας
542 1949 577 1992 τε
588 1925 668 2010 πρός
680 1950 717 1993 σε
726 1931 872 2010 μέτεστιν
888 1926 1051 2016 οὐδεμιᾶς,
1074 1931 1115 1992 δι’
1127 1917 1165 2011 ής
1176 1925 1228 1990 ου’-

136 2027 272 2110 εργετοῖν
281 2027 413 2116 έμαυτῷ
421 2026 580 2111 κτήσομαι
590 2029 706 2115 φιλους
720 2027 808 2104 τινας
817 2031 879 2094 ardu
892 2030 1049 2113 δεομένων
1060 2027 1229 2113 ὠφελείας,

136 2127 276 2216 σονορᾷν
296 2128 383 2194 ἔστιν
409 2127 445 2193 ἔκ
470 2129 534 2192 τῶν
553 2129 749 2213 πραγμάτων
769 2131 815 2217 τῷ
834 2129 1017 2216 βουλομένῳ
1041 2128 1136 2194 παντί
1156 2125 1230 2204 τούς

136 2224 369 2310 ἡθροισμένους
396 2227 471 2312 περὶ
500 2227 568 2311 ἐμέ.
610 2229 642 2294 εί
662 2231 692 2294 δ’
717 2226 782 2315 ἄρα
808 2235 866 2295 καί
882 2251 965 2306 τινες
996 2221 1058 2295 εἶεν
1081 2227 1228 2306 οὖνοϊκῶς

137 2324 209 2406 darer*
231 2326 441 2411 διακείμενοι,
472 2325 527 2391 οὐκ
550 2326 730 2415 ὀφείλοντες
753 2328 810 2412 τήν
834 2325 970 2413 εὔνοιαν,
1004 2327 1086 2395 ἀλλὰ
1104 2331 1227 2412 μᾶλλον

103 2425 268 2511 οοχόριτσς
285 2425 497 2512 κατόρχοντὲς
512 2430 604 2495 τίσιν·
627 2421 670 2496 οἷν
692 2428 775 2497 οὕτω
784 2430 956 2515 βελτίστων
970 2431 1115 2517 arridei
1130 2435 1259 2517 προῖ-Ι)

139 2552 176 2593 κα
190 2530 415 2613 γεγενημένων,
439 2530 496 2595 οὔκ
512 2528 552 2595 δν
562 2531 674 2617 ἐλλίπῃ
692 2532 877 2617 μοχθηρίας
891 2530 1071 2617 ὑπερβολήν
1086 2529 1121 2596 sd
1136 2530 1228 2595 κόκι-
1283 2586 1290 2593 .

139 2650 209 2693 στον
230 2624 328 2692 αδτὸν
349 2630 405 2694 κατ’
421 2631 579 2716 προδότην
595 2630 740 2717 ὀφθῆναι
756 2632 832 2717 περὶ
852 2629 974 2707 αὐτούς.
996 2632 1101 2697 καίτοι
1119 2629 1228 2717 γεκαὶ

141 2728 228 2797 soror*
250 2729 343 2797 οὐδὲν
360 2728 437 2797 ἄλλο
456 2758 513 2817 μοι
531 2735 715 2817 προσιόντες
734 2733 860 2831 πείθειν
879 2734 1109 2817 ἐπιχειροῦσιν,
1131 2725 1230 2815 ήσοί,

139 2886 178 2923 ue
203 2876 233 2922 et
251 2833 384 2925 Gdristunr
412 2874 531 2927 induisse
558 2875 687 2927 ostendis.
738 2873 785 2927 δίο
810 2874 884 2927 aliud
906 2888 955 2941 pro
981 2874 1090 2925 numius
1118 2872 1231 2925 adorare
1254 2930 1256 2933 ,

139 2958 179 2993 ure
210 2944 318 3008 eredis,
346 2944 444 2997 inutile
474 2954 502 2999 et
532 2960 760 3014 supervacaneum
788 2952 843 3008 est,
878 2957 990 3013 quorum
1025 2944 1103 2996 fldem
1132 2944 1232 2994 irritarn

140 3014 203 3077 ieci,
223 3029 274 3081 per
304 3030 337 3067 ea
368 3018 551 3071 iusiurandum
572 3032 587 3069 a
606 3032 648 3068 me
678 3017 769 3082 exigi:
794 3013 876 3067 facile
900 3016 1035 3083 siquidem
1064 3019 1157 3065 contra
1185 3012 1233 3065 illa

138 3086 257 3137 neutiar.
290 3102 361 3155 quae
388 3087 482 3139 coiere
505 3089 585 3141 desii.
617 3086 749 3151 Quooirea
775 3092 801 3138 te
825 3092 945 3154 rogatum
972 3085 1052 3147 volo,
1080 3086 1233 3151 imperator,

139 3170 172 3207 ae
191 3157 257 3223 quid
276 3173 359 3225 super
378 3158 431 3211 hoe
449 3162 560 3226 negotio
585 3157 727 3211 verborum
752 3158 855 3219 sacias3
882 3158 970 3225 gratia
998 3158 1068 3209 enim
1089 3153 1186 3207 Christi
1208 3162 1235 3207 et

139 3225 306 3280 christianus
327 3235 354 3279 et
381 3229 545 3283 orthodoxus
569 3246 635 3283 sum.
681 3229 819 3283 Adversus
840 3235 866 3280 te
891 3235 977 3281 autem
1003 3226 1071 3280 nihil
1096 3227 1159 3279 mali
1189 3225 1233 3279 vel
1322 3283 1325 3291 ,

139 3299 282 3367 designavi
308 3300 353 3352 vei
380 3304 516 3370 cogitari.
550 3310 578 3354 et
604 3317 675 3354 nuuc
703 3302 773 3355 eseli
798 3309 940 3369 terraeque
968 3300 1135 3352 conditorem
1163 3299 1233 3351 ultro

134 3374 235 3421 testor:
273 3386 316 3423 rue
345 3387 435 3441 usquo
467 3374 579 3426 τιολεΙιιια
606 3374 754 3425 istiusmodi
787 3373 903 3424 consilia
934 3373 1055 3437 coxisse,
1083 3387 1172 3439 nequo
1201 3371 1233 3422 de

136 3448 225 3495 cataro
255 3441 374 3510 improbi
408 3444 510 3513 aliquid
545 3447 573 3496 iu
602 3451 630 3497 te
656 3444 886 3507 machinaturum,
915 3444 969 3494 tuis
995 3458 1061 3495 vero
1086 3444 1165 3495 iussis
1183 3458 1233 3509 ρε-

135 3528 194 3565 reus
212 3511 304 3566 denuo
331 3514 436 3567 iurabo.
481 3514 533 3567 dam
555 3516 699 3584 quodvis,
725 3523 754 3567 ut
776 3516 913 3568 adiutores
931 3521 958 3566 et
979 3516 1072 3566 socios
1088 3514 1136 3565 tibi
1160 3524 1234 3565 meos

136 3583 263 3649 iudicem,
281 3584 350 3637 illud
374 3587 452 3651 dieo,
477 3593 503 3639 te
529 3589 630 3654 potius,
649 3602 727 3656 quarn
748 3602 791 3639 ure
810 3588 880 3637 scire
899 3601 989 3653 posse,
1008 3587 1100 3655 quales
1118 3590 1245 3637 consen-⁸

134 3662 240 3707 taueuur
259 3657 296 3707 sit
313 3671 383 3721 esse,
403 3660 449 3726 qui
477 3674 519 3710 rue
537 3665 691 3727 sequuntur.
742 3656 807 3709 Cum
836 3658 907 3709 enim
935 3660 1068 3725 pecuniae
1092 3657 1233 3709 faciendae
1346 3704 1351 3713 ,

134 3728 202 3777 ratio
228 3727 306 3779 nulls
332 3730 496 3796 suppeditet,
525 3744 576 3797 qua
600 3730 711 3781 forsitan
740 3729 868 3798 quosdam
893 3744 948 3781 nou
969 3730 1074 3781 initurus
1096 3728 1234 3779 conditio-

134 3799 176 3849 sis
195 3798 227 3849 sd
247 3814 319 3851 mess
349 3808 437 3866 ρατοει
458 3798 614 3863 alliceretis,
643 3799 768 3853 libertate
793 3806 881 3852 autom
910 3800 978 3867 apud
1000 3807 1025 3853 te
1044 3800 1118 3852 nulia
1138 3801 1175 3850 uti
1195 3798 1232 3850 li-

135 3874 208 3931 reat,
239 3884 294 3937 quo
321 3884 374 3937 ope
402 3870 493 3923 aliena
520 3871 704 3939 indigentibus
731 3871 913 3936 benefaciens,
938 3873 1038 3922 amicos
1070 3886 1233 3938 comparem,

134 3940 241 3993 dissere
267 3940 332 3992 hine
355 3943 446 4010 quivis
469 3948 572 4009 potest,
597 3941 620 3993 si
645 3944 717 4006 ruit,
746 3943 840 4011 quales
865 3960 893 3995 se
916 3944 948 3995 ad
972 3944 1127 3995 societatem
1148 3958 1233 3995 meam
1261 3996 1265 4003 ,

136 4012 355 4079 aggregaverint.
391 4011 467 4077 Quod
494 4016 517 4066 si
545 4015 616 4067 forte
642 4014 748 4067 uouuiii
778 4030 820 4065 ms
845 4030 900 4067 nou
935 4016 1062 4078 oderunt,
1092 4021 1119 4064 at
1146 4014 1173 4065 in
1198 4030 1231 4066 eo

134 4096 189 4133 uon
213 4080 256 4134 illi
289 4082 409 4135 debiturn
437 4100 487 4152 pro
515 4087 600 4154 gratia
625 4092 772 4153 praestant,
796 4085 841 4137 sed
867 4087 954 4154 gratia
980 4102 1021 4136 nse
1045 4090 1231 4137 antevertant:

135 4152 180 4219 qui
200 4167 260 4205 curn
279 4153 357 4207 uuila
376 4164 527 4222 exspectata
547 4158 673 4209 mercede
692 4158 743 4208 saei
768 4157 822 4210 siut
846 4172 922 4225 quarn
943 4158 1143 4218 studiosissimi,
1161 4156 1232 4207 nihii

134 4230 225 4288 posset
242 4223 303 4275 fleri
321 4226 479 4290 scelestius,
504 4228 599 4297 siege
627 4229 655 4281 in
680 4227 744 4280 illos
773 4235 865 4281 contra
892 4230 1088 4296 ingratissimus
1112 4242 1144 4277 ac
1165 4240 1232 4293 pro-

135 4293 204 4345 ditor
231 4298 386 4350 existeret.
433 4296 595 4367 Quamquam
624 4306 651 4351 et
676 4301 728 4366 ipsi
755 4316 798 4353 ure
823 4301 966 4362 adeuntes,
990 4314 1042 4350 non
1070 4297 1143 4349 aliud
1163 4297 1228 4349 mihi

136 4366 297 4430 ροτοειδοτσ
315 4370 453 4435 nituntur,
479 4386 557 4438 quana
583 4376 611 4423 ut
633 4370 699 4438 tibi,
719 4373 874 4441 imperatori
894 4386 925 4422 ao
945 4370 1047 4438 parenti
1066 4384 1137 4433 urso,
1155 4370 1230 4423 dicto
