3025 4900
586 355 827 418 PRAEFATIO.
1188 361 1241 422 xv

165 535 340 590 mamacas
363 523 491 607 (agebat
520 527 599 584 euim
614 524 755 586 loannes
777 543 891 585 annum
915 544 978 586 uon
1000 524 1069 606 plus
1090 524 1241 603 decimum

165 625 317 710 qnantum)
339 635 443 708 postea
459 645 491 684 se
504 621 648 708 collegam
662 627 806 706 patiatur.
850 623 949 684 Hrrius
968 627 1056 708 spatii
1077 628 1128 686 vix
1149 627 1240 688 dimi-

164 727 245 787 dium
260 724 380 786 videtur
393 721 577 806 explevisse,
604 745 708 788 rerum
722 723 813 784 huius
826 723 933 784 muudi
960 735 992 786 et
1018 724 1162 788 adversae
1175 747 1240 800 sor-

163 828 200 887 tis
220 837 383 890 renovatae
404 825 536 907 quodam
556 823 669 886 taedio.
714 825 802 903 Quae
824 827 891 906 ipso
908 825 971 886 iam
991 825 1140 887 monacho
1162 828 1241 894 inter

162 923 375 1008 Palaeologum
406 937 437 986 et
460 925 649 986 Matthaeum
671 935 774 987 secuta
798 934 887 1003 aaut,
909 924 1034 993 forsitan
1058 927 1167 1003 tinius,
1188 937 1242 995 ant

163 1023 292 1086 duorum
306 1045 454 1089 annorum
469 1025 609 1088 suenmt:
630 1045 702 1086 uam
715 1027 748 1086 in
758 1023 807 1085 bis
819 1023 903 1105 quod
913 1045 970 1106 pro
984 1036 1067 1086 certo
1081 1022 1241 1103 affirmem

164 1143 220 1184 uon
233 1123 345 1186 bnbeu
399 1125 465 1186 Hac
480 1127 597 1188 ratione
610 1123 794 1207 colliguntur
808 1124 880 1184 anni
894 1124 1037 1186 historiae
1050 1125 1141 1186 huius
1154 1127 1243 1189 cirel-

163 1233 207 1283 ter
219 1225 344 1306 triginta
357 1243 482 1286 novem.
524 1225 571 1286 Ex
585 1223 632 1285 his
647 1232 749 1306 patet,
769 1234 909 1305 tempora
924 1223 1089 1284 Andronici
1104 1225 1243 1303 iunioris,

164 1321 383 1405 canacuzeni,
412 1335 443 1386 et
467 1324 586 1389 loannis
600 1321 774 1406 Palaeologi
796 1343 859 1384 nou
879 1324 952 1384 satis
973 1324 1068 1405 probe
1089 1324 1245 1406 digessisse
1268 1385 1272 1393 ,

164 1421 381 1506 Ouupbrium,
407 1435 437 1486 et
450 1423 534 1490 alios.
576 1423 731 1486 Erraruut
745 1423 819 1484 item
832 1441 903 1487 cum
917 1423 1065 1505 Gregom,
1086 1422 1160 1483 dum
1177 1425 1244 1486 Au·

164 1519 321 1584 dronicum
335 1525 483 1591 iuniorem
496 1541 577 1586 auno
591 1525 697 1586 aetatis
720 1521 949 1605 quadragesimo
963 1524 1070 1604 quinto
1083 1525 1247 1584 extinctiun

31 1685 32 1720 ι
164 1621 361 1684 tradiderunt.
401 1623 483 1684 Nam
497 1626 522 1684 si
540 1635 631 1686 natus
645 1633 711 1684 erat
725 1643 820 1683 anuos
834 1624 941 1703 viginti
954 1633 1070 1703 septem
1084 1633 1247 1704 antequam
1350 1610 1354 1618 ⁴

166 1721 327 1782 mundam
340 1743 464 1783 uxorem
479 1722 622 1802 duceret,
632 1765 634 1772 i
644 1733 680 1784 ut
692 1733 795 1784 noster
809 1721 888 1782 libro
902 1723 1002 1803 primo
1019 1732 1144 1803 uorat,
1165 1735 1197 1784 et
1211 1745 1248 1785 ea

166 1819 252 1881 ducta
274 1821 373 1883 adbuc
395 1821 512 1904 aliquot
532 1824 619 1886 aunis
640 1843 710 1884 curn
730 1843 789 1882 avo
803 1820 918 1882 bellurn
937 1823 1045 1901 gessit:
1075 1824 1153 1882 sieo
1167 1824 1249 1884 victo

166 1923 251 1982 anuis
276 1922 382 2003 viginti
396 1921 478 1984 solus
490 1923 672 2004 imperavit,
701 1923 838 2004 sequitu
852 1922 1164 2003 quinquagenarium,
1195 1934 1249 1986 aut

166 2039 202 2083 ec
221 2022 372 2084 maiorem
397 2023 518 2084 obiisse.
776 2049 780 2055 ·

246 2119 453 2183 Ostendemus
481 2142 583 2202 nunc,
619 2140 681 2204 quo
709 2119 777 2182 loco
799 2121 879 2182 iuter
899 2121 1080 2204 Byrnntiuas
1108 2122 1250 2185 historias

166 2217 235 2280 baec
260 2231 365 2282 nostra
383 2219 559 2283 collocanda
579 2223 628 2288 sit.
671 2221 897 2282 Cantacuzeuus
910 2219 1083 2302 Nicephoru
1097 2221 1250 2304 Gregome

166 2321 301 2398 proxime
320 2321 472 2400 succedit,
512 2323 635 2410 eiusque
651 2323 840 2382 narrationes
858 2323 1032 2381 continuat:
1065 2341 1250 2405 quamquam

166 2437 225 2478 nou
239 2421 375 2501 praecise
394 2442 433 2481 ac
452 2419 638 2505 simpliciter.
680 2419 762 2481 Nam
782 2439 853 2481 cum
866 2420 1017 2502 Gregoras
1036 2421 1069 2482 iu
1082 2421 1169 2484 obitu
1182 2423 1250 2486 An·

165 2517 284 2581 bonici
298 2522 424 2581 iunioris
438 2518 573 2601 desinat,
594 2531 697 2581 noster
710 2520 782 2581 inde
792 2540 857 2580 nou
871 2520 1010 2582 ordimrs
1031 2524 1107 2604 quin
1128 2526 1190 2584 imo
1204 2546 1252 2586 se-

164 2619 299 2679 cundum
321 2621 463 2682 historiae
485 2644 557 2683 suae
579 2620 692 2683 librum
714 2620 755 2681 ad
777 2620 912 2681 eiusdem
933 2619 1103 2684 Andronici
1122 2635 1253 2687 mortem

166 2720 315 2799 perducit.
355 2722 472 2782 Verum
493 2724 564 2805 quin
587 2724 738 2804 Gregoras
751 2722 808 2782 iste
829 2740 909 2799 avo,
937 2722 971 2781 iu
984 2725 1070 2783 euius
1085 2722 1185 2784 aulam
1198 2724 1252 2785 dc-

168 2822 252 2879 sertis
274 2821 381 2881 cnidiis
401 2821 576 2883 liberalibus
593 2842 625 2883 se
639 2820 780 2903 conenit,
801 2823 939 2901 amicior,
960 2824 1063 2904 nepoti
1078 2833 1178 2883 autem
1193 2826 1252 2885 iui-

170 2918 343 2997 qniorl'uit:
367 2918 513 3005 illumque
533 2922 719 3005 plurimmn,
739 2931 771 2982 et
790 2942 879 3003 saepe
899 2922 1141 2982 commendavit:
1171 2922 1252 2983 huuc

169 3028 289 3097 aperte,
318 3042 375 3081 uec
388 3022 525 3101 modice,
555 3032 584 3081 et
597 3039 661 3080 uon
676 3040 747 3079 raro
775 3017 960 3079 insimulavit
989 3041 1024 3079 ac
1046 3022 1252 3101 vituperavits

168 3114 205 3174 ad
219 3116 313 3197 baec,
334 3140 413 3200 quae
433 3123 512 3180 inter
526 3118 594 3181 illos
609 3118 796 3197 acciderrmt,
817 3128 935 3199 partem
952 3120 1115 3177 maximam
1128 3121 1253 3181 minime

167 3228 321 3299 comperta
342 3218 468 3281 habuit:
498 3242 576 3302 quae
597 3231 699 3281 autem
718 3219 886 3299 comperit,
918 3236 953 3277 ea
974 3215 1116 3296 confisae,
1137 3220 1250 3301 imper-

167 3316 256 3397 fecte,
277 3319 426 3401 quaedam
441 3340 562 3403 quoque
576 3319 663 3381 aliter
683 3318 851 3399 aliquanto,
865 3315 941 3397 quid
956 3314 1133 3396 aliquanto?
1153 3318 1249 3378 multo

167 3414 271 3496 aliter,
292 3440 385 3501 quam
400 3431 584 3499 evenerunt,
610 3431 729 3482 etcum
752 3417 917 3477 mendaciis
930 3418 1079 3496 esposuit:
1110 3418 1142 3476 in
1156 3420 1251 3500 ipsius
1367 3429 1370 3434 ’

168 3536 289 3599 quoque
316 3518 516 3581 Cantacuzeui
554 3518 635 3581 bello
670 3519 821 3600 rebusque
858 3514 1129 3576 commemorandis
1161 3519 1251 3599 (quae

169 3620 276 3699 scripta
300 3619 348 3681 vel
357 3622 561 3697 -interierunt3
587 3618 637 3682 vel
651 3618 749 3679 adhuc
770 3620 804 3677 iu
826 3614 930 3697 aliqua
949 3614 1132 3676 bibliotheca
1146 3616 1251 3694 latent)

167 3736 274 3795 pamm
301 3718 381 3779 bona
410 3720 488 3797 tide,
516 3716 724 3801 malevoleque
744 3726 882 3778 vascua
905 3726 961 3775 est.
1022 3714 1249 3776 Cautacuzenus

167 3812 239 3876 baec
260 3820 335 3879 vitia
349 3840 411 3880 non
425 3820 536 3898 fereris,
558 3818 645 3901 longe
660 3821 826 3896 sincerius,
847 3815 996 3898 longeque
1009 3817 1178 3897 copiosius,
1199 3815 1248 3875 di-

167 3918 314 3994 stinctius,
334 3921 492 4001 integrius,
512 3922 623 3981 certius
637 3920 738 3980 omnia
753 3918 928 4002 explicavit:
956 3917 1069 3997 quippe
1082 3916 1135 3996 qui
1148 3916 1248 3973 omni·

167 4012 223 4075 bus
238 4039 332 4097 paene
345 4040 407 4079 non
427 4021 562 4081 interfuit
576 4020 696 4097 solum,
718 4038 826 4081 verum
846 4019 937 4080 etiam
951 4014 1098 4097 praelirit:
1120 4024 1151 4073 et
1169 4033 1248 4096 quae

168 4114 234 4192 lpse
246 4138 304 4179 nou
321 4118 418 4198 vidit,
439 4131 491 4180 aut
513 4114 574 4203 egit
595 4121 656 4203 (qui
679 4122 759 4179 enim
778 4120 877 4201 potuit
889 4116 1023 4195 omnint)
1043 4113 1248 4181 contestibus

167 4217 350 4294 asumma
362 4221 493 4302 accepit:
515 4218 769 4304 quemadmodum
783 4223 815 4280 in
828 4220 887 4281 linc
906 4218 977 4279 libri
996 4216 1096 4297 quarti
1107 4222 1246 4274 temtor.
