3025 4900
524 371 621 437 VlTA
653 373 943 438 mursensem.
1178 378 1259 440 XXV

173 557 209 608 ut
222 567 260 608 eo
284 542 456 608 iuconoilto
475 555 529 606 aut
547 544 718 628 refragante
730 542 806 606 nihil
821 555 990 626 gereretur,
1017 545 1145 630 ipseque
1162 546 1260 608 adrni-

173 649 316 706 nistraret
338 647 471 706 omniur.
493 654 524 705 ct
547 655 624 706 asset
643 665 707 704 non
732 640 855 726 quidem
876 643 1026 707 vocabulo
1040 647 1128 726 (nam
1150 646 1183 707 id
1199 667 1262 708 una

173 767 244 807 cum
258 743 387 823 habitu,
416 743 486 804 licet
500 764 562 804 non
585 741 677 804 semel
691 743 731 802 ab
745 741 922 804 Andronico
952 744 1097 807 invitatus
1124 757 1155 806 et
1176 748 1261 806 enixe

174 855 310 926 rogatus,
331 853 503 904 constanter
517 841 603 924 fugit)
627 841 679 902 sed
694 860 786 922 opere
800 844 865 923 ipso
879 843 1055 924 imperator.
1097 845 1177 927 Lege
1190 867 1259 928 cap.
1336 910 1340 918 ,

175 965 209 1028 9.
224 942 280 1004 lib.
293 963 325 1004 a.
367 943 438 1019 Quo
453 941 616 1020 defimcto,
645 961 807 1022 procerum
828 960 863 1000 ao
877 941 1007 1002 militum
1016 924 1099 1004 ¹votis
1112 944 1262 1026 Didymo-

175 1043 250 1103 tiehi
280 1040 461 1122 obsecutus,
491 1043 624 1122 itemque
645 1039 711 1100 aliis
732 1039 771 1100 dc
791 1041 904 1100 caussis
923 1039 1007 1122 (quas
1029 1042 1164 1124 profert,
1187 1043 1262 1104 dum

177 1141 333 1204 affectatae
345 1140 516 1224 tyrannidis
531 1141 730 1222 suspicionem
748 1159 769 1198 a
789 1158 823 1198 se
839 1137 981 1220 depellite
1013 1141 1137 1224 depellit
1159 1153 1261 1204 autern

178 1243 350 1323 saepissme
364 1261 400 1301 ao
415 1241 630 1318 disertissime,
657 1249 687 1300 et
700 1250 764 1300 tam
777 1233 1001 1318 uerisimiliter,
1028 1252 1065 1301 ut
1084 1240 1162 1302 niltil
1183 1242 1262 1303 desi·

180 1341 278 1418 derce)
302 1360 472 1423 purpuram
502 1340 659 1418 ettiaramv
668 1337 779 1400 induit.
811 1319 1011 1420 Adriatiopoli
1025 1360 1044 1400 a
1058 1341 1172 1400 Lacum
1187 1341 1262 1402 llic·

179 1438 423 1522 rosolymorum,
451 1459 572 1499 rursum
585 1438 721 1520 Byzantii
736 1437 777 1498 ab
798 1437 915 1498 Isidoro
928 1437 1108 1520 patriarchis
1119 1459 1263 1502 coronam

181 1538 368 1622 imperialem
382 1537 498 1600 solenni
512 1539 574 1600 ritu
589 1540 715 1620 accepit.
759 1538 860 1616 Quam
873 1537 961 1599 beate
973 1539 1094 1615 vixerit,
1118 1539 1151 1598 in
1165 1561 1263 1621 quan·

180 1641 220 1700 tis
233 1640 378 1721 cuiusque
396 1636 478 1699 modi
493 1637 623 1720 opibus,
655 1639 689 1697 in
710 1648 824 1720 quanta
845 1635 1004 1698 hominum
1021 1635 1220 1699 admiratione
1232 1649 1264 1700 ct

186 1736 302 1822 potia,
332 1739 398 1820 ipse
420 1736 592 1798 clarissimis
614 1736 717 1798 verbis
738 1735 793 1798 lib.
812 1737 843 1796 3.
858 1755 928 1818 cup.
945 1734 998 1798 53.
1013 1747 1044 1796 et
1057 1736 1109 1820 78.
1130 1736 1262 1800 edocuit.

261 1838 299 1897 ln
312 1835 435 1898 militari
456 1835 637 1918 disciplina,
664 1837 746 1898 socio
763 1835 953 1919 Syrgianne,
985 1837 1130 1918 magistro
1144 1835 1264 1920 Angelo

179 1957 268 1998 nsum
282 1957 316 1998 ss
328 1945 451 1998 narrat.-
477 1938 510 1996 in
523 1957 584 2019 qua
606 1934 715 1996 deinde
735 1955 792 2018 per
820 1935 1062 1996 exercitationem
1087 1932 1264 1998 lectionem·
1361 2006 1369 2014 ,

179 2058 240 2119 que
253 2035 341 2119 longe
355 2035 519 2096 admodum
541 2037 707 2118 processit,
725 2032 866 2117 'talisque
879 2055 1003 2116 prorsus
1018 2037 1115 2095 extitit
1132 2038 1265 2117 impera·
1323 2110 1329 2120 .

180 2146 251 2215 tor,
281 2134 400 2216 qualem
416 2137 459 2195 M.
475 2133 595 2196 Tullius
619 2137 652 2195 in
673 2135 859 2218 Pompeiana
877 2134 1030 2217 depinxitr
1061 2134 1209 2216 siquidem
1231 2136 1264 2196 in

180 2257 217 2296 eo
231 2257 352 2318 qnoque
372 2233 425 2295 illa
445 2246 588 2318 quatuor,
608 2255 686 2315 quae
700 2236 732 2294 in
753 2255 872 2295 summo
895 2220 1076 2316 imperatore
1092 2235 1190 2295 inesse
1210 2233 1264 2295 de·

180 2334 267 2415 bent,
288 2337 479 2414 enituerunt,
506 2335 650 2414 scientia,
673 2335 785 2414 virtus,
808 2333 946 2414 felicitas,
969 2336 1143 2395 aucwritas.
1179 2333 1264 2396 Talis

180 2435 273 2515 item,
309 2433 429 2517 qualem
455 2437 487 2496 in
516 2435 682 2519 Strategico
707 2435 900 2518 gravimmus
922 2444 1099 2517 praeceptor
1123 2433 1263 2497 militaris

181 2534 360 2596 Onosander
373 2534 516 2597 describit
527 2556 596 2619 cap.
619 2558 660 2615 1.,
676 2546 788 2615 castus,
808 2546 988 2618 temperans,
1011 2534 1142 2617 sobrius,
1169 2534 1262 2618 frugi,

181 2632 368 2715 laboriosus,
397 2634 585 2717 intelligens,
616 2626 742 2697 minime
764 2656 894 2715 avarus,
922 2656 979 2696 nec
992 2636 1113 2715 iunior,
1142 2656 1198 2695 nec
1214 2655 1263 2696 se·

181 2736 265 2813 nior,
292 2734 422 2796 filiorum
443 2746 548 2817 pater,
578 2735 697 2797 dicendi
718 2740 849 2818 perium,
878 2732 975 2817 gloria
996 2734 1134 2796 illustris.
1177 2736 1264 2813 Quu-

184 2828 243 2893 lem
257 2845 411 2914 praeterea
425 2835 463 2896 de
479 2834 587 2897 bellico
602 2846 748 2917 apparatu
762 2857 831 2918 cap.
847 2856 877 2903 a.
900 2836 970 2895 ¹Leo
983 2838 1158 2918 imperator.
1187 2834 1264 2894 Lin-

182 2952 272 3012 guam
292 2934 431 2995 Latinam
456 2934 594 2995 calluisse
614 2934 685 3016 inde
705 2937 909 2995 coniecturam
929 2938 1028 3017 capio.
1069 2934 1193 2994 Etenim
1215 2954 1263 2993 res

181 3031 387 3095 Romanorum
400 3036 617 3116 imperatorum
633 3034 687 3113 (ut
699 3054 755 3093 uos
772 3036 926 3094 Romanos
939 3036 1136 3114 imperatores
1150 3030 1264 3111 apella·

180 3150 269 3210 mus,
296 3132 355 3193 hoc
369 3144 415 3195 est
433 3154 561 3213 eorum,
590 3134 643 3216 qui
665 3134 698 3193 in
721 3130 810 3193 ltalia
840 3143 871 3193 et
903 3132 1018 3192 Romae
1035 3130 1192 3210 vixemnt)
1206 3128 1263 3191 ali-

181 3234 297 3313 quoties
319 3236 350 3293 iu
373 3233 506 3295 medium
529 3232 670 3311 adducit,
700 3252 776 3315 quas
796 3231 921 3293 forsitan
943 3229 1024 3313 apud
1038 3228 1181 3290 historiae
1195 3229 1262 3291 Au·

181 3342 285 3413 gustus
297 3336 457 3415 scriptores
477 3332 561 3415 legit.
602 3334 644 3394 Et
664 3332 767 3416 Arego
788 3330 938 3393 monacho
952 3322 1093 3391 Sabaudo
1115 3330 1263 3412 quaedmn

183 3431 296 3491 Graece
319 3435 429 3515 scripta
450 3454 512 3493 non
533 3431 733 3515 intelligenti,
763 3421 979 3514 interpretatur
999 3429 1054 3491 lib.
1072 3430 1103 3491 3.
1122 3452 1191 3513 cap.
1207 3428 1262 3509 84.

180 3528 214 3589 Si
228 3532 296 3611 quis
312 3531 465 3593 auditione
478 3543 599 3593 tantum
609 3534 817 3593 Romanorum
831 3532 911 3591 facta
924 3530 1084 3611 accepisse,
1102 3539 1132 3590 et
1147 3530 1263 3590 Graeca

181 3626 233 3689 illa
247 3629 350 3691 italice
363 3631 513 3693 monacho
527 3634 757 3713 interpretatum
780 3652 844 3693 esse
857 3629 981 3691 credere
1002 3628 1109 3707 malit,
1140 3650 1210 3689 cum
1225 3648 1263 3690 co

178 3748 243 3789 non
257 3726 451 3791 contendam:
475 3742 505 3793 et
518 3734 561 3792 ita
574 3734 697 3793 nornine
712 3732 838 3792 Latinae
851 3729 988 3813 linguae,
1018 3730 1104 3789 cuius
1117 3749 1151 3789 se
1164 3729 1262 3789 aden·

178 3839 241 3889 tern
256 3830 388 3912 quodam
403 3831 470 3892 loco
484 3829 624 3911 affirmat,
637 3830 977 3914 quaquepraesidiarios
991 3828 1084 3890 italos
1098 3827 1263 3910 alloquitur

179 3928 439 4012 Constantinopoli
454 3930 509 3991 lib.
526 3928 558 4009 4.
574 3953 640 4014 cap.
658 3930 723 4009 54,
741 3930 845 3992 Italica
867 3928 1062 4011 intelligenda
1076 3918 1152 3989 erit:
1186 3930 1263 3989 sicut

178 4048 235 4109 per
257 4030 380 4090 Latinos
402 4029 469 4091 ltnli
495 4041 525 4092 ct
548 4030 600 4090 ulii
630 4052 693 4091 non
717 4032 837 4091 Graeci.
879 4030 1000 4089 Persice
1025 4047 1167 4110 quoque,
1198 4028 1263 4088 sive

179 4127 309 4188 Tureioc
338 4150 425 4189 nosse
454 4150 485 4189 se
515 4129 570 4191 hh.
587 4129 617 4210 4.
634 4152 702 4212 cap.
724 4150 771 4191 ιο.
801 4128 940 4191 affirnrat.
994 4127 1103 4190 Artem
1124 4127 1263 4188 didicisse

176 4230 365 4309 oratoriam,
395 4227 565 4311 eloquentia
580 4232 673 4315 ipsius
695 4232 778 4293 omui
801 4230 1023 4313 praedicatione
1037 4228 1158 4311 ἅμα,
1187 4228 1263 4290 etin
