3025 4900
506 315 926 412 numinensium.
973 414 1008 442 η,
1184 311 1267 418 ιδ3

183 494 319 578 ρεῖσθαι.
347 487 404 555 καὶ
420 489 475 556 διδ
490 495 590 557 τοῦτο’
606 494 672 560 δεῖν
692 488 802 580 ᾠήθην
824 497 889 558 πᾶν
913 491 1035 578 ζήτημα
1053 469 1336 580 κατ’,ῦμφιβο-Μῦ
1346 502 1412 574 ιλαη

185 592 257 655 λίαν
283 591 414 675 ποιήσαι
436 589 591 674 ἐκποδών,
629 596 828 674 καὶμᾶλλον
851 601 917 668 τοῖς
945 592 1109 678 ήμετδροις
1134 595 1273 680 φανῆναι

185 686 334 776 φορτικὸς
348 687 406 753 καὶ
419 687 572 773 ἐπαχθής,
591 685 705 776 ήπρῦς
718 688 775 756 τδν
791 690 928 772 πόλεμον
947 689 1051 755 αι’τιόιν
1066 696 1273 775 παρασχεῖν.”

182 791 314 853 τοιαῦτα
334 791 489 870 βασιλέως
511 789 648 867 εἰπόντος
668 793 727 854 τοῦ
749 793 840 873 νέου,
868 789 899 854 οῖ
916 787 1004 876 παρὰ
1024 792 1080 854 τοῦ
1099 793 1271 876 πρεσβυτέυ

148 888 245 972 ’ὅρου
271 877 499 967 ἇπεστάλμένοι
523 883 684 975 οἷρχιερεῖς
720 892 777 954 καλ
809 887 1008 974 συγκλητικοὶ
1041 887 1292 970 θαυμάσαντεςδ

183 989 242 1069 τῆς
257 983 496 1067 μεγαλοψύχως
515 983 716 1068 τὸνβασιλέα
732 991 856 1053 καὶτοῦ
869 987 992 1074 σφόδρα
1010 981 1094 1052 οῦτω
1107 983 1166 1072 τήν
1183 986 1270 1072 εἰρή-
1352 1001 1356 1010 “

183 1107 241 1168 νην
258 1081 430 1168 αἱρεῖσθαι,
448 1085 543 1170 χάριν
557 1081 801 1170 ὁμολογήσαντες
818 1085 943 1170 πολλήν,
960 1083 1121 1172 χαίροντες
1135 1086 1268 1173 Ιἠτοῦντο

182 1180 242 1267 τήν
262 1179 412 1246 ἐπάνοδον
429 1173 651 1268 ἐπιτραπῆναι,
673 1186 866 1267 νομίζοντες,
879 1184 923 1259 οῦς
946 1179 1013 1267 ἅμα
1027 1189 1073 1274 τῷ
1093 1182 1133 1250 τοὶ
1148 1208 1269 1269 πεπρα·

182 1283 282 1363 γμένα
297 1279 484 1363 ἀπαγγεῖλαι
494 1286 625 1363 βασιλεῖ
642 1279 773 1364 κώλυμα
785 1277 877 1347 οῦδὲν
894 1279 984 1347 ἔσται
1003 1286 1044 1370 τῇ
1063 1280 1170 1368 εἰρήνη
1185 1277 1269 1346 ῦστο

144 1375 277 1454 ιοεῖναι.
302 1381 431 1457 ἐκείνοις
453 1383 514 1462 μὲν
531 1373 588 1446 οῦν
606 1375 710 1468 οἵσπερ
730 1382 863 1469 ᾐτοῦντο
887 1383 1052 1467 ἐπέτρεπεν
1073 1383 1267 1446 ἐπανελθεῖν.

183 1479 227 1542 δι’
252 1477 355 1542 αῦτιῦν
382 1478 417 1542 δὲ
443 1477 521 1564 πρὸς
541 1481 675 1561 βασιλέα
697 1475 750 1544 τὸν
770 1477 896 1544 πάππον
919 1476 1127 1566 ε’πρεσβεύετο
1149 1475 1267 1543 τοιοίδε·

181 1575 260 1662 ,,τήν
287 1581 347 1658 μὲν
373 1575 452 1662 ἐμήν
477 1573 553 1663 πρὸς
575 1574 612 1642 τύ
639 1577 761 1662 σὲπήν
784 1579 958 1659 Ῥωμαιων
988 1575 1073 1661 ἔχειν
1100 1578 1268 1664 ἡγεμονοῦν

181 1673 323 1760 σπουδήν
341 1697 376 1738 τε
393 1673 449 1740 καλ
466 1674 650 1760 προθυμίαν
664 1675 741 1752 θεύς
754 1699 790 1740 τε
813 1659 879 1740 οἶδε
894 1674 1029 1750 καλιῦςύ
1052 1676 1153 1740 πάντα
1166 1673 1268 1758 α’διῦς,

182 1774 239 1840 καὶ
254 1771 348 1850 αὐτὸς
368 1768 408 1840 civ
426 1773 711 1861 ἐπιμαρτυρήσαις.
742 1771 814 1840 ἐνὸν
830 1771 911 1861 χοὶρ,
932 1772 996 1858 εἴγε
1016 1774 1193 1859 ἐβουλόμην
1199 1825 1210 1856 ,
1230 1779 1268 1840 ολ
1294 1757 1298 1782 ¹

143 1879 292 1950 15lvnsi¹v
312 1877 368 1939 καὶ
385 1869 464 1938 κατὰ
485 1869 558 1951 τούς
582 1876 750 1961 προτέρους
771 1875 925 1955 πολέμους
943 1868 965 1959 ἢ
981 1875 1147 1959 συμπάσης
1167 1868 1190 1958 ἢ
1209 1875 1293 1959 τήςο

181 1976 323 2050 πλείονος
339 1973 439 2058 ἀρχῆς
464 1981 608 2058 κρατεῖν,
640 1973 699 2038 οῦκ
719 1973 861 2059 η’θέλησα
884 1968 973 2055 ἓκιῦν,
1002 1971 1081 2037 tud
1107 1971 1160 2037 σοι’
1178 1975 1268 2054 νομί-

182 2074 245 2152 ζων
268 2065 350 2137 sirau
370 2071 490 2136 iniretur
512 2073 697 2150 ἐξίστασθαι
718 2069 837 2157 ταύτης
856 2063 922 2137 ῦντι
944 2073 1052 2158 πατρὶ,
1072 2075 1132 2149 ἕως
1146 2062 1186 2137 ῦν
1210 2095 1267 2134 πε-

181 2173 262 2258 ριῇς,
283 2167 454 2251 δυνάμενος
471 2181 649 2254 κατασχεῖν,
669 2167 886 2256 παρεχώρησα
907 2165 987 2237 ἓκιῦν
1006 2167 1099 2236 εἶναι·
1118 2167 1176 2235 καὶ
1191 2171 1267 2235 τοῦ·

178 2267 216 2334 τύ
234 2292 269 2352 χε
291 2264 347 2333 ούκ
372 2260 446 2333 ῦνεο
465 2269 567 2334 πόνων
584 2267 640 2334 καδ
660 2266 824 2334 κινδύνων.
852 2273 916 2334 τοῦν
929 2267 990 2356 γὰρ
1012 2266 1071 2334 σῦν
1085 2271 1160 2351 ἐμοὶ
1173 2275 1266 2333 πολε-

133 2369 347 2453 ἠομοομὲνων
367 2368 493 2432 πάντων
516 2365 593 2442 τοῦς
607 2369 668 2449 μὲν
684 2365 798 2444 πόνους
811 2365 868 2432 καί
888 2366 965 2442 τούς
982 2367 1145 2442 κινδύνους
1168 2370 1202 2432 ἐν
1221 2367 1265 2457 τῷ

180 2474 328 2550 πολεμεῖν
350 2462 592 2553 ύφισταμένων,
623 2468 686 2531 τῦν
707 2458 816 2532 ῦθλων
840 2469 876 2533 δὲ
902 2465 958 2533 καί
973 2470 1037 2533 τοῦν
1057 2469 1160 2552 χεροῦν
1184 2460 1264 2530 ἄπο-

180 2566 403 2652 στεροαμύνων,
426 2564 479 2630 διὰ
502 2563 537 2631 τύ
564 2566 630 2647 ἐμὲ,
652 2566 713 2630 σοῦ
733 2564 985 2652 προστάττοντος,
1003 2564 1104 2642 εῦθῦς
1127 2559 1264 2647 ἅσμενον

178 2674 298 2749 χωρεῖν
316 2660 396 2749 πρὸς
423 2661 487 2748 τήν
504 2664 630 2750 εἰρήνην
660 2666 717 2728 καὶ
750 2664 877 2730 πάντων
898 2690 949 2731 σοι
972 2672 1193 2751 παραχωρεῖν,
1217 2654 1263 2726 οῦν

179 2762 348 2847 ἐκτήσαντο
372 2765 464 2829 αύτοὶ
483 2764 667 2847 κρατοῦντες
680 2763 714 2825 ἐν
728 2764 774 2851 τῷ
788 2767 913 2852 πολέμῳ
918 2814 930 2844 ,
948 2758 1176 2849 ἄμφοτέρωθεν
1191 2757 1265 2840 ἐμοὶ

140 2864 347 2946 ηὸσονέβαινε
360 2858 397 2929 τύ
413 2864 633 2951 θορυβεῖσθαι.
659 2856 705 2945 τύ,
718 2882 752 2925 τε
768 2859 828 2949 γὰρ
848 2863 971 2926 πείθειν
989 2864 1191 2926 καταθέσθαι
1206 2856 1261 2923 τὸν

178 3014 261 3066 etism
284 3014 385 3067 idcirco
415 3011 605 3086 quaestionem
633 3016 662 3063 st
689 3008 895 3081 ambiguitatem
919 3023 1027 3063 omnem
1054 3006 1261 3076 rescindendum

176 3085 289 3152 puuvi,
319 3086 466 3155 potiusque
493 3083 560 3134 meis
586 3082 672 3151 gravis
692 3088 721 3131 et
746 3081 933 3134 incommodus
952 3080 1054 3144 videri,
1081 3097 1163 3150 quarn
1183 3079 1259 3131 bello

177 3168 271 3206 unssm
293 3152 358 3207 (lare
377 3154 460 3206 volui.
506 3150 554 3204 llis
574 3150 665 3212 dictis,
686 3150 763 3203 missi
780 3169 795 3204 α
813 3152 922 3204 seniore
941 3152 1063 3221 episcopi
1082 3168 1114 3203 se
1132 3165 1257 3218 proceres

176 3230 280 3275 tantam
301 3225 384 3277 animi
395 3224 568 3276 altitudinem
582 3219 725 3284 admirati,
742 3229 772 3273 et
785 3220 822 3273 ob
839 3230 895 3273 um
912 3222 1077 3291 praeclarum
1089 3222 1165 3289 pacis
1180 3218 1258 3271 desi-

177 3292 287 3347 derium
304 3296 396 3364 gratiis
418 3296 485 3346 netis
505 3290 707 3362 singularibus,
731 3288 839 3342 hilares.
857 3290 969 3343 domum
992 3288 1127 3343 redeundi
1150 3291 1257 3342 veniam

175 3364 347 3433 petiverunt,
364 3366 427 3429 rati,
445 3365 525 3415 simul
547 3370 605 3414 treta
624 3377 673 3414 svo
691 3363 902 3425 renuntiassent,
927 3378 1022 3431 pacem
1046 3359 1118 3411 nihil
1134 3377 1256 3412 remoru-

175 3440 275 3485 turum.
315 3435 384 3504 Ergo
405 3434 568 3487 seditionem
585 3432 640 3484 illis
665 3432 818 3500 permittit,
844 3438 873 3482 et
890 3430 925 3483 αιΙ
949 3446 1028 3483 nrum
1047 3428 1117 3483 haee
1142 3430 1256 3483 ferenda

177 3504 336 3556 committit:
361 3504 450 3573 anm
469 3502 592 3556 studiose
612 3510 694 3571 etque
716 3501 829 3570 impigre
844 3501 995 3563 elaborem,
1013 3507 1045 3552 ut
1061 3507 1092 3553 tu
1112 3502 1256 3571 principu-

177 3580 236 3624 tum
255 3568 407 3627 Romanum
423 3584 534 3636 teneas,
551 3570 625 3625 Dens
644 3572 734 3634 norit,
753 3587 835 3640 quem
848 3572 921 3624 nibil
936 3572 1021 3635 lutet,
1042 3578 1071 3622 et
1088 3574 1207 3640 tuipse,
1230 3572 1255 3625 si

175 3644 271 3707 voles,
289 3644 432 3697 testabere.
472 3644 542 3697 Nam
562 3657 622 3693 enm
636 3642 802 3710 potuissem,
819 3640 843 3691 si
862 3639 1005 3703 libuisset,
1029 3639 1111 3693 bellis
1129 3642 1254 3711 superin-

175 3713 253 3765 ribus
269 3721 317 3766 nut
333 3722 391 3767 toto
408 3714 522 3783 imperio
537 3721 585 3765 eut
598 3712 702 3762 maiore
715 3710 792 3762 illius
807 3718 885 3779 parte
905 3709 1057 3781 potiundo,
1074 3710 1129 3764 tibi
1145 3728 1255 3763 moesoa

175 3798 233 3835 rem
246 3781 323 3848 dare,
342 3786 419 3837 nolui
438 3786 595 3853 iustumque
612 3781 780 3842 existimari,
807 3778 862 3832 tibi
877 3796 910 3833 eo
933 3788 965 3833 ut
978 3783 1105 3849 parenti,
1123 3781 1254 3851 quamdiu

104 3910 107 3923 ¹
174 3853 207 3905 ln
227 3854 283 3905 ritu
307 3868 446 3919 maneres,
472 3852 576 3909 cedere.
614 3850 711 3923 Neque
727 3865 792 3903 τετο
817 3850 877 3902 sin'e
903 3849 1043 3903 laboribus
1067 3851 1254 3922 periculisque

175 3923 253 3975 eessi.
294 3922 362 3976 Cum
385 3924 459 3977 enim
477 3924 675 3976 commilitones
694 3920 748 3971 mei
770 3936 864 3971 omnes
886 3920 956 3973 belli
978 3922 1067 3973 aleam
1092 3937 1124 3973 ee
1143 3920 1254 3973 lsbores

175 3993 340 4056 subiissent,
357 3996 485 4065 praemiis
500 4002 590 4047 entem
609 3999 638 4044 et
653 3990 803 4043 bonoribus
814 3996 955 4055 carerent,
973 3991 1048 4062 qnod
1058 4005 1107 4061 ego
1119 3998 1167 4041 tus
1180 3992 1254 4043 ium

174 4070 300 4125 secutus,
316 4080 410 4133 pseem
423 4065 513 4117 libens
525 4062 719 4134 complecterer
734 4060 844 4130 tibique
863 4061 933 4114 relin
972 4078 1046 4113 erem
1064 4062 1165 4122 omnis,
1183 4076 1253 4144 quse

175 4134 704 4273 ititffirssiiiititiut‘ttt‘
716 4129 918 4254 inmittit
941 4129 1252 4271 ,intituli

690 4237 698 4263 ,
1237 4225 1253 4237 .

173 4280 247 4337 rent,
269 4280 297 4326 et
316 4275 346 4329 in
360 4274 467 4329 hostem
483 4274 523 4329 ire
535 4274 595 4345 iege
608 4270 708 4329 bellice
722 4286 829 4343 semper
840 4270 1016 4342 posustsmt
1051 4268 1148 4323 insitis
1161 4274 1252 4321 autem
