3025 4900
471 282 755 355 ursronttnuu
783 285 824 349 11.
848 285 899 356 ιο
1138 257 1222 374 5¹9

145 435 267 518 διάγων
284 434 320 502 έν
338 428 445 525 ύδείρ,
467 436 541 502 ούδ*
558 430 639 502 ούτω
659 436 900 515 λυσιτελούντως
920 438 1031 524 σφίσιν
1053 435 1161 516 αύτοῖς
1182 432 1371 516 demerito

143 534 280 599 ἐδοκεῖτε
298 538 531 618 βεβουλεῦσθαι
548 533 636 621 παρὰ
655 539 858 624 σωφρονούσι
878 533 931 602 διὰ
952 533 1008 622 την
1024 537 1227 622 γεγενημένην

145 633 300 718 βλάβην·
323 637 397 698 νυνί
423 634 458 699 δὲ
485 635 654 718 συμβαίνει
682 632 843 720 δεινότερα
870 635 1036 701 πείσεσθαι
1054 637 1227 724 προσδοιιᾷν

144 727 368 814 ὑπαρξάντων.
407 730 445 796 ού
463 730 525 819 γὰρ
546 730 650 814 ἔστιν,
679 728 737 797 osis
757 731 843 799 ἔστιν
863 731 974 815 οὐδὲν,
1001 735 1032 798 εἰ
1048 729 1093 818 μή
1112 755 1145 798 τι
1165 759 1227 800 πα-

122 827 278 914 5ρύλογον
297 833 331 908 ἐξ
350 832 490 919 ούρανού
515 833 594 920 πρὸς
621 832 779 919 σωτηρίαν
807 833 885 914 ύμῖν
912 831 1091 918 πραχθείη,
1132 829 1227 898 icosi

145 935 322 1015 πολιορκεῖν
341 931 426 1016 ἡμᾶς
445 935 546 997 πείσει
565 932 784 1014 ἀποσχέσθαι,
805 927 885 997 uiues
906 929 986 1008 εἰκὸς
1005 929 1083 1019 πρὸς
1102 935 1142 1020 ’τῇ
1159 933 1226 1015 χού-

145 1052 188 1117 ρηι
208 1029 263 1094 καί
280 1028 338 1115 τὴν
356 1028 457 1096 πόλιν
474 1032 562 1113 ύμύς
581 1039 802 1118 προσαπολεῖν.
841 1031 998 1114 θαυμάζω
1018 1034 1054 1097 δὲ
1074 1031 1175 1115 ύμιδν,
1195 1034 1254 1102 sic

145 1133 213 1202 τοῖς
232 1127 341 1204 αύτοῖς
357 1123 380 1214 ἢ
399 1128 456 1193 ναί
470 1133 597 1210 μείζοσι
615 1138 723 1205 κακοῖς
737 1128 913 1212 ἐνεχόμενον
929 1129 1071 1214 Ῥωχιόις
1085 1129 1140 1195 καί
1152 1131 1230 1213 μέλ-

146 1230 251 1300 λοντες
277 1224 334 1289 ύτῖ
362 1227 499 1313 ύνύγνης
518 1223 590 1294 ὅσον
620 1230 745 1293 ούδέπω
765 1231 895 1311 βασιλεῖ
908 1237 1106 1314 προσχωρεῖν
1126 1227 1231 1310 edroi,

106 1323 187 1390 ιοού
205 1323 302 1406 μόνον
327 1319 384 1390 osis
404 1328 560 1395 ἐπαινεῖτε
591 1323 635 1403 oie
659 1329 763 1402 ιἰαλῶς
792 1327 847 1391 καί
866 1327 1087 1412 συμφερόντως
1106 1321 1231 1400 ἑαυτοῖς
1323 1342 1330 1360 ·

146 1425 421 1514 βεβουλευμένους,
442 1420 493 1490 ὅτι
505 1425 635 1511 πρίνείς
649 1423 784 1508 ἔσχατον
804 1420 948 1490 κινδύνου
969 1421 1055 1509 ἥκειν
1074 1421 1231 1509 σωτηρίαν
1263 1463 1265 1469 ,

148 1519 204 1583 ιιαί
220 1513 378 1607 ὠφέλειαν
396 1523 583 1607 ἐπορίσαντο
603 1519 728 1600 ἑαυτοῖς
746 1525 782 1588 έν
802 1525 858 1608 τῆς
876 1525 1062 1608 μεταβολῆς,
1083 1519 1234 1588 ἀλλὰκαὶ

147 1611 257 1702 ύβρεις
276 1624 446 1704 νιαταχέετε
459 1623 567 1687 αύεοῖν
586 1619 715 1703 πολλαὶς,
732 1615 785 1686 ὅτι
805 1621 842 1686 ού
857 1624 912 1708 τῆς
931 1620 1027 1704 αὐτῆς
1041 1621 1119 1703 ύμῖν
1128 1620 1232 1704 ,οἶβον-

148 1717 220 1794 λίας
233 1720 352 1783 εἴλοντο
361 1715 443 1785 εἶναι
455 1721 604 1786 κοινωνοί.
626 1721 729 1786 καίτοι
737 1723 900 1804 σκέψασθε
910 1719 955 1795 ὥς
968 1711 1038 1785 ούτε
1053 1721 1159 1784 δίκαια
1176 1711 1234 1783 ού-

110 1817 187 1881 ubre
199 1817 403 1902 συμφέροντα
418 1811 493 1882 οὔθ’
504 1815 630 1896 ἑαυτοῖς
645 1813 718 1884 ούτε
732 1827 798 1895 τοῖς
812 1813 918 1894 ἄλλοις
935 1815 1124 1905 Ἀκαρνύσιν
1141 1815 1240 1882 αύτοὶΙ

146 1923 263 1980 ποιεῖτε
282 1916 339 1998 τῆς
358 1915 456 2000 αὐτῆς
475 1916 622 1999 ε’χύμενοι
642 1917 772 1994 ἑννοίας.
805 1917 901 1982 αύτοί
916 1941 951 1982 τε
970 1915 1030 2004 χεὶρ
1051 1915 1234 1982 ἀπολώλατε

148 2015 382 2098 διαφθαρέντες
401 2010 465 2078 ύπύ
482 2018 538 2080 τού
557 2019 708 2099 πολέμου,
733 2018 789 2083 καί
807 2022 877 2094 ταῖς
898 2009 1008 2091 ἄλλαις
1027 2013 1137 2080 πόλεσι
1156 2010 1260 2097 {itt-n

147 2116 205 2196 βης
223 2105 262 2175 ού
280 2109 413 2196 μετρίας
433 2110 529 2201 αἴτιοι
549 2117 728 2200 κατέστητε,
749 2115 902 2198 καίτοιγε
922 2115 1000 2196 ύμῖν
1018 2115 1173 2198 βασιλέως
1194 2105 1233 2176 ού

141 2211 412 2301 ,συναποστύσαις
452 2210 587 2295 στρατιὰ
605 2211 664 2297 γὰρ
687 2215 742 2278 ε’πί
761 2216 849 2297 ξένης
870 2211 1077 2298 διατρίβουσα
1098 2211 1155 2278 ναί
1172 2209 1235 2293 μύ-

104 2314 240 2374 ωολιστα
258 2306 396 2390 τοσαύτη
415 2305 471 2391 τη“ν
489 2311 549 2388 μὲν
569 2307 723 2389 πολεμίαν
743 2313 840 2394 κείρει
861 2305 1019 2395 ύφειδῶς·
1059 2311 1094 2372 ix
1120 2312 1156 2372 δὲ
1182 2313 1237 2394 τῆς

148 2403 352 2488 συμμαχίδος
371 2402 427 2470 καί
445 2403 561 2483 οἰκείας
579 2409 774 2494 τρεφομένη,
804 2406 894 2491 λιμὸν
921 2407 1004 2495 αὐτῇ
1024 2406 1184 2494 αἰφνίδιον
1204 2409 1237 2474 ἒ-

221 2575 265 2612 no.
287 2558 338 2611 Pro
356 2556 544 2629 detegebatur
559 2558 605 2625 έν,
623 2558 698 2630 quod
716 2577 785 2621 corr.
802 2558 845 2614 ed.
863 2558 898 2615 V.

152 2680 208 2731 elis
226 2662 425 2750 xquoecumque
454 2679 544 2733 clades
566 2680 713 2744 afflixerit,
738 2698 794 2733 uon
822 2687 864 2733 est
888 2678 980 2732 isciie.
1017 2678 1187 2749 Quamquam
1212 2680 1237 2731 si

122 2746 127 2759 ⁶
153 2753 271 2803 menime
288 2750 392 2813 liceret,
410 2749 491 2801 uobis
508 2752 601 2821 atiquo
620 2750 701 2803 modo
719 2750 863 2805 obsidione
880 2750 1010 2818 depulsis,
1029 2764 1121 2801 secure
1137 2748 1237 2811 vivere,

154 2836 191 2874 ne
209 2822 247 2871 its
266 2818 377 2889 quidem
402 2817 438 2871 ob
465 2829 575 2890 eccepto
592 2820 691 2873 demna
708 2820 838 2873 videlicet
865 2820 942 2873 vobis
958 2820 1030 2893 ¹ipsis
1048 2818 1155 2871 utiliter
1171 2834 1251 2869 con-.

154 2890 285 2952 suluisse,
301 2900 316 2939 ε
334 2888 504 2959 sapientibus
522 2890 694 2944 videremini.
729 2892 813 2961 Atqui
839 2892 958 2961 graviore
980 2888 1118 2958 prioribus
1136 2886 1165 2938 in
1187 2905 1238 2957 po·

154 2969 256 3013 sterurn
283 2958 462 3028 exspectsnds
488 2969 558 3013 sunt
598 2961 661 3013 Non
689 2963 763 3013 enim
782 2970 839 3023 est,
865 2976 921 3013 non
946 2964 1003 3023 cst,
1029 2958 1159 3028 inquom,
1184 2957 1240 3009 nisi

155 3028 223 3101 quid
241 3036 348 3098 praeter
364 3031 521 3099 opinionem
545 3030 580 3084 de
598 3031 674 3083 caelo
700 3031 868 3083 adsalutem
897 3038 1012 3082 vestrum
1040 3024 1238 3095 expediendsrn

155 3101 322 3168 impetretis,
340 3098 414 3171 quod
430 3118 480 3152 nos
497 3102 531 3153 sb
550 3103 752 3186 oppugnatione
772 3100 948 3154 revocaverit:
972 3107 1005 3150 srt
1024 3116 1072 3151 vos
1090 3114 1151 3148 cunr
1175 3112 1237 3165 egro

156 3170 251 3225 ucbern
270 3186 380 3239 quoque
398 3170 541 3223 emissuros
560 3171 706 3225 verisimile
726 3172 782 3225 fiet.
818 3170 903 3223 Miror
929 3178 1033 3231 sutem,
1060 3166 1151 3253 quod,
1178 3182 1239 3218 eum

157 3239 254 3292 iisdem
277 3238 319 3289 sel
336 3241 503 3309 gravioribus
522 3243 604 3294 etism
623 3241 700 3293 malis
716 3258 798 3312 quarn
815 3240 912 3309 nhogti
933 3238 1113 3291 exercesmrni
1138 3244 1167 3289 et
1189 3250 1238 3289 ve-

156 3310 215 3363 litis
233 3308 327 3361 nolitis
347 3312 505 3379 propediem
522 3312 552 3363 in
571 3314 741 3381 imperatoris
760 3314 802 3363 ius
821 3328 851 3364 nc
863 3318 1024 3381 potestatem
1042 3306 1149 3359 venturi
1167 3307 1238 3370 sitis,

157 3397 213 3432 non
231 3380 318 3431 solum
338 3396 397 3443 eos,
414 3380 458 3448 (ut
472 3383 588 3452 quisuis
601 3382 753 3435 rationibus
768 3380 839 3434 bene
852 3380 1022 3450 honesteque
1036 3379 1236 3448 prospexerint,

156 3449 222 3503 duur
249 3456 394 3521 antequem
414 3452 443 3501 in
470 3460 620 3503 extremum
653 3451 846 3503 deisbcsentur
873 3450 1036 3510 discrimen,
1065 3448 1179 3499 salutern
1209 3454 1238 3499 et

156 3520 325 3571 commodum
342 3520 450 3573 consiiii
465 3522 617 3573 mutatione
643 3522 696 3573 sibi
721 3523 896 3593 quaesierunt
905 3522 926 3587 ,j
948 3534 1004 3570 non
1027 3518 1241 3578 commendetis,

157 3589 205 3641 scd
221 3590 320 3641 multas
342 3592 433 3658 potios
453 3592 630 3643 contumelias
649 3594 679 3642 in
696 3595 768 3661 ipsos
794 3588 961 3651 effuderitis,
989 3589 1054 3659 quio
1079 3586 1239 3639 temeritatis

157 3676 189 3710 sc
206 3660 339 3712 stultitiae
355 3668 461 3712 vestroe
478 3661 545 3713 socii
568 3678 626 3713 esse
651 3663 806 3715 noluerunt.
841 3660 876 3712 Ar
900 3662 972 3712 enirn
1002 3658 1146 3708 intuemini
1170 3673 1240 3725 pou-

157 3729 257 3796 iisper,
276 3746 356 3813 quarn
376 3731 479 3801 iniqui,
513 3748 593 3801 quom
612 3730 734 3783 damnosi
762 3739 790 3781 et
810 3730 945 3783 vobismet
976 3728 1041 3799 ipsis
1067 3734 1095 3779 et
1126 3726 1239 3796 reliquis

92 3863 95 3867 ι
157 3800 342 3852 Acarnsnsbus
361 3801 438 3862 sitis,
465 3798 577 3853 durnin
602 3800 656 3853 bac
678 3800 840 3870 cogitatione
865 3800 1019 3870 persistitis.
1055 3798 1112 3865 ipsi
1137 3799 1239 3868 quippe

157 3867 233 3922 beiio
254 3870 407 3939 consumpti
424 3871 554 3939 periistis,
572 3880 601 3924 et
616 3872 678 3923 eliis
693 3869 812 3941 oppidis,
829 3870 937 3923 temetsi
955 3868 1117 3921 desectionis
1135 3874 1240 3918 vestrae

154 3936 230 3993 baud
256 3939 449 4009 participibus,
476 3950 642 3994 nocumento
673 3957 729 3992 non
756 3942 877 4009 vulgaris
900 3938 1050 3993 invexistis.
1100 3934 1240 3990 Exercitus

158 4008 231 4061 enim
249 4025 281 4063 sc
299 4012 458 4079 pracsertim
476 4020 584 4075 tantus,
603 4012 631 4064 in
649 4018 742 4062 extera
763 4012 873 4080 regione
890 4007 1013 4070 becrens,
1030 4006 1149 4059 bostium
1165 4020 1240 4085 agros

156 4078 335 4133 inclementer
353 4080 542 4150 depopulatur.
579 4082 629 4135 Sin
648 4087 740 4133 sutem
770 4096 784 4133 e
811 4080 946 4134 sociorum
973 4094 1075 4146 suoque
1103 4074 1242 4145 provincis

156 4148 315 4207 slimouism
331 4152 432 4221 capiet,
450 4153 622 4223 repentinum
640 4150 801 4205 intimem
820 4148 933 4211 inducit.
967 4148 1054 4219 Agitis
1078 4161 1159 4217 porro
1186 4141 1243 4197 issi·
