3025 4900
259 301 308 354 ¹0
660 297 945 364 cenricuzsut

249 483 311 526 που
334 459 424 546 δίκην
443 459 712 546 μεταφερομένων
734 458 786 524 ἀεί
804 459 862 524 καί
885 457 1113 525 ἀστατούντων.
1137 459 1174 522 ού
1187 458 1252 544 μήν
1264 459 1348 527 ἀλλὰ

217 563 305 628 Duos*
323 565 386 628 τῶν
404 562 461 628 τοῦ
483 562 561 624 θεοῦ
583 560 747 646 κριμότων
767 558 802 624 τό
823 561 926 642 βάθος
942 564 1152 649 φανεῖταιτρῖ
1162 560 1346 651 βουλομένῳ

246 670 312 739 τοῖς
333 663 501 750 πράγμασι
522 659 693 746 προσέχειν
716 661 884 744 ἐπιμελῶς.
916 660 1029 725 τούτου
1050 659 1089 745 δή
1106 661 1205 745 χάριν
1227 658 1348 729 ὤκνουν

215 835 217 844 ,
247 764 382 830 ἐπιπολὺ
400 767 463 831 τεόν
481 749 585 848 λόγων
605 761 758 843 ἅψασθαι
779 760 927 838 τουτωνί,
950 763 1007 844 τῆς
1033 760 1208 845 διηγήσεως
1230 762 1346 826 ἀναλο-

246 867 411 951 γιζόμενος
430 863 466 932 τό
491 863 658 937 πολυειδὲς
678 862 735 926 καί
755 859 906 926 nouiter
949 861 1021 937 ε’πεί
1048 863 1083 927 δὲ
1116 864 1227 947 φιλίοις
1255 862 1366 928 οάδὲνὸ

246 967 456 1052 ἰσχυρότερον
478 963 552 1030 aride
566 963 784 1047 πιθανώτερον
794 960 850 1026 καί
860 969 926 1037 τοῖς
938 959 1019 1048 όπὲρ
1036 961 1170 1044 δύναμιν
1181 962 1347 1047 ἐγχειρεῖν,

184 1066 341 1153 Ρ.4ταύτη
363 1064 513 1148 βιασθείς
534 1060 621 1148 κάγιδ
641 1058 702 1148 ήδη
724 1059 869 1145 ἀρχαμαι
890 1063 995 1149 λόγου.
1018 1061 1037 1127 ό
1059 1063 1095 1126 δὲ
1112 1063 1169 1143 τής
1192 1059 1347 1143 ἀληθείας

71 1158 80 1174 ’
247 1163 323 1241 θεός
347 1165 393 1250 μὴ
415 1165 556 1250 περιέλσι
578 1163 669 1248 λόγον
692 1161 849 1246 ἀληθείας
871 1166 906 1229 έκ
928 1160 1086 1248 στόματός
1105 1183 1180 1245 μου·
1226 1159 1263 1222 oei
1284 1159 1348 1245 γὰρ

203 1269 207 1280 “
248 1263 406 1356 ἀπεχθείᾳ
419 1265 480 1332 τινί
497 1261 518 1349 ή
539 1265 641 1351 φιλίη,
665 1254 752 1340 ἐξιόν
765 1261 800 1326 τό
814 1266 935 1343 ψεῦδος
952 1261 1087 1329 ἐπιπολὺ
1103 1265 1249 1339 τίκτεται,
1266 1259 1348 1345 πρός

244 1366 375 1445 τούτους
396 1366 547 1452 ἀπήχθην
563 1361 635 1439 τούς
657 1363 780 1447 λόγους,
805 1363 874 1426 ἀλλ’
899 1363 1054 1449 ἀληθείας
1074 1367 1168 1429 ἕνεκα
1184 1355 1244 1427 [καί
1265 1358 1385 1446 πρόςλθ

248 1466 403 1554 ἀληθείας
424 1463 561 1555 ἐραστήν
580 1463 710 1537 τούτους
732 1464 897 1545 ποιοῦμαι.
940 1463 988 1528 ἔτι
1011 1466 1046 1530 δὲ
1066 1464 1135 1528 οὐδ’
1152 1464 1234 1550 ἀκοῇ
1246 1464 1347 1544 ταῦτα

172 1602 176 1610 =
247 1567 327 1652 πρός
353 1572 416 1635 τῶν
437 1563 657 1650 παλαιοτέρων
678 1561 887 1648 παρειληφώς
909 1560 930 1648 ἢ
953 1565 1076 1650 φήμαις
1097 1562 1266 1649 προσέχων
1290 1564 1347 1627 καί

216 1667 362 1751 Βμύθοις
381 1666 466 1754 όγιὲς
488 1664 579 1730 oridia
601 1662 741 1744 ἔχουσιν,
764 1655 856 1742 ἐξιόν
868 1666 1052 1749 συμβέβηκε
1064 1671 1130 1739 τοῖς
1144 1668 1274 1736 πολλοῖς
1285 1665 1348 1726 τάν

246 1769 459 1856 συγγραφέων
470 1765 737 1850 ἀποπλανηθῆναι
747 1766 803 1848 τῆς
814 1763 978 1849 ἀληθείας,
993 1764 1060 1830 ἀλλ’
1074 1762 1168 1840 αύτός
1179 1765 1231 1849 ἐφ’
1246 1761 1348 1828 ἀπασι

245 1865 359 1952 παρεόν
380 1871 437 1934 καί
457 1866 500 1946 ὥς
521 1863 624 1931 ἔνεστι
643 1864 783 1948 μάλιστα
805 1864 932 1951 τάληθῆ
952 1863 1028 1949 περί
1044 1864 1170 1935 πόντων
1191 1862 1281 1949 εἴπερ
1300 1878 1385 1939 τις15

246 1965 348 2046 εἶδώς,
371 1965 451 2033 οὕτω
476 1965 514 2052 δή
535 1965 710 2050 ποιήσομαι
728 1963 785 2049 τήν
806 1965 882 2050 περί
900 1964 1003 2030 αὐτῶν
1019 1964 1173 2048 διήγησιν,
1193 1962 1250 2048 τήν
1269 1963 1349 2048 ἀλή-

244 2070 338 2133 θειαν
359 2067 619 2156 προστησάμενος
639 2067 695 2130 καί
714 2067 819 2152 πόσης
842 2062 939 2150 ἄλλης
957 2066 1062 2141 αἰτίας
1079 2062 1177 2147 οιότήν
1189 2065 1347 2149 προτιμή-

154 2178 161 2190 ’
244 2191 314 2244 σας.
358 2169 387 2234 εἰ
409 2170 447 2254 δή
469 2165 509 2234 σύ
530 2168 590 2250 μὲν
613 2165 767 2252 ἀληθείας
788 2165 942 2251 ἐραστής,
963 2164 1029 2249 ,ἐμέ
1050 2188 1083 2229 τε
1104 2164 1196 2229 οὐδέν
1218 2167 1287 2229 ἐστι
1310 2164 1345 2229 τό
1410 2231 1420 2244 „

214 2274 354 2338 σπεῖσον
375 2269 490 2353 ταύτης
510 2267 687 2353 ἀποστῆναι
704 2267 759 2332 διὰ
773 2267 877 2351 πόσης
890 2270 947 2350 τής
961 2265 1144 2350 διηγήσεως,
1166 2264 1251 2346 ἔχεις
1267 2262 1347 2351 ὅπερ

244 2365 384 2445 ἐπόθεις.
408 2363 494 2447 ἀξιον
516 2369 552 2434 δὲ
571 2368 688 2455 μικρόν
703 2365 828 2434 ἀνωθεν
843 2367 1015 2448 ἀναλαβεῖν
1027 2363 1084 2452 τήν
1098 2364 1209 2453 σειράν
1222 2365 1280 2429 τοῦ
1294 2365 1386 2451 yet-20

244 2490 318 2544 νσυς
332 2471 396 2534 τάν
409 2455 579 2553 βασιλέων,
605 2467 649 2547 ἀς
665 2468 703 2535 ἀν
718 2470 885 2556 εἰδείημεν,
906 2471 954 2545 τίς
968 2468 1099 2543 ἐκτίνος
1112 2466 1187 2553 ἔφυ,
1208 2466 1297 2545 τίνας
1311 2490 1346 2532 τε

245 2566 340 2647 αὐτός
359 2567 492 2647 τετοκοδς
511 2570 582 2635 τίνα
605 2560 783 2657 τίροέστησε
804 2571 997 2654 βασιλεύειν,
1017 2562 1090 2643 τόύς
1110 2564 1226 2643 ἀλλους
1247 2591 1346 2644 κοιτας

245 2668 364 2753 στήσας
385 2674 486 2735 τελεῖν
506 2667 561 2733 ἀπ’
582 2670 686 2736 αὐτόν.

315 2781 341 2839 8.
359 2772 399 2851 μή
421 2782 557 2852 τιεριέλοι.
578 2784 673 2839 Pselm.
693 2784 753 2840 118.
773 2787 833 2840 ΕΙ).
845 2785 876 2839 Ρ.

243 2880 291 2935 alii
310 2878 393 2949 plene
412 2898 491 2934 socru
512 2884 681 2937 continenter
704 2886 757 2937 bae
784 2885 851 2938 illuc
870 2884 966 2951 Euripi
985 2886 1068 2937 instar
1091 2882 1236 2935 lluitaruut:
1273 2880 1345 2944 Quin

243 2954 363 3006 etiamsi
389 2956 450 3022 qais
474 2954 624 3023 diligenter
651 2956 694 3009 lris
713 2956 793 3009 rebus
816 2958 953 3010 nueudere
972 2959 1088 3009 animum
1110 2955 1243 3017 voluerit,
1270 2954 1346 3004 divi-

242 3040 336 3077 norum
357 3040 467 3095 quoque
488 3027 649 3079 iudiciorum
668 3030 802 3095 prolunde
819 3029 1011 3095 deprehendet.
1048 3029 1135 3091 Quare
1155 3042 1215 3077 eum
1239 3039 1346 3092 propo·

242 3098 309 3149 sitae
334 3100 496 3151 narrationis
521 3098 699 3167 multiplicem
720 3103 872 3154 varietatem
895 3100 930 3152 ob
957 3099 1054 3151 oculos
1077 3113 1220 3167 ponerem,
1246 3096 1346 3163 ecquid

242 3184 284 3220 me
303 3169 335 3220 ed
354 3170 524 3223 scribendum
544 3172 649 3235 darem,
675 3174 721 3224 diu
749 3174 778 3224 in
802 3174 907 3223 incerto
932 3170 1023 3222 habui.
1060 3170 1158 3222 'lamen
1185 3169 1249 3237 quia
1274 3166 1345 3220 nibil
1436 3218 1440 3227 ,

242 3241 359 3291 amicitie
378 3243 524 3309 potentiue,
547 3258 597 3293 nec
616 3244 649 3295 nd
669 3244 841 3309 suscipiende
859 3242 903 3294 vel
924 3243 1025 3293 meiere
1045 3242 1149 3294 viribus
1170 3239 1346 3308 oneraquid-

242 3326 319 3380 quarn
338 3313 488 3377 ellicaoius,
514 3312 577 3365 ideo
603 3330 654 3382 ego
681 3330 792 3383 quoque
810 3314 842 3365 ad
861 3312 1031 3374 scribendum
1051 3315 1170 3376 accedo,
1190 3311 1275 3363 lleum
1294 3327 1346 3363 νε-

241 3383 326 3437 ritutis
349 3392 427 3436 antee
446 3391 642 3452 comprecatus,
670 3402 705 3439 ne
726 3384 837 3438 verbum
865 3387 991 3438 veritatis
1011 3386 1115 3437 soleret
1140 3385 1173 3435 de
1200 3400 1249 3435 ore
1272 3398 1345 3435 meo.

241 3452 301 3506 Non
321 3457 391 3505 euim
417 3458 481 3509 odio
506 3463 551 3508 aut
575 3458 674 3525 gmtia‚
698 3458 897 3510 mendaciorum
918 3457 1077 3525 plerumque
1097 3455 1269 3525 perentibus,
1294 3455 1346 3506 ed·

239 3526 353 3578 duetus:
382 3529 428 3580 sed
455 3530 576 3580 veritatis
601 3529 688 3579 studio
715 3536 742 3581 et
767 3531 888 3581 veritatis
905 3528 1055 3580 ementibus
1078 3528 1198 3581 scribere
1216 3543 1260 3579 me
1278 3542 1347 3594 pro-

242 3596 327 3649 llteor.
364 3597 404 3650 Ad
423 3598 476 3650 boc
495 3616 550 3651 non
569 3601 619 3651 iste
637 3616 652 3650 a
671 3600 817 3652 maioribus
842 3609 905 3652 netu
928 3600 1030 3664 didici,
1055 3609 1100 3651 aut
1125 3602 1211 3652 lemae
1234 3598 1346 3650 euseal-

241 3676 298 3721 taus
318 3668 451 3721 fabulisve
472 3671 582 3738 ineptis,
608 3672 706 3739 quibus
725 3673 831 3738 decepti
851 3673 979 3740 plerique
1003 3674 1149 3739 scriptores
1169 3688 1183 3723 a
1203 3679 1276 3723 recto
1297 3672 1345 3723 iti-

242 3756 308 3791 ncre
326 3738 495 3792 aberrarunt:
523 3744 570 3794 sed
589 3744 647 3809 ipsc
666 3760 718 3812 ego
739 3760 865 3811 praesens
886 3744 1009 3795 omnibus
1029 3745 1150 3808 interlui,
1169 3743 1345 3812 singulaque,

241 3812 264 3861 si
288 3813 425 3879 quisquam
446 3813 529 3876 alius,
555 3818 770 3881 perspectissime
788 3816 906 3879 babens,
932 3824 962 3866 ut
979 3822 1092 3881 potero,
1119 3832 1151 3867 ea
1179 3830 1345 3867 commemo-

243 3882 324 3935 rabo:
354 3886 565 3953 veritatemque,
584 3892 715 3955 tamquam
735 3903 845 3954 scopum
864 3892 987 3951 intuens,
1009 3903 1169 3956 quacunque
1191 3886 1245 3937 alia
1264 3900 1345 3937 causa

242 3955 374 4021 potiorem
395 3956 498 4007 ducem.
535 3956 710 4019 Quamobrem
736 3962 759 4011 si
782 3968 828 4023 tn,
853 3958 930 4023 litte,
957 3958 1015 4011 veri
1041 3954 1220 4027 pernoscendi
1246 3974 1275 4010 es
1294 3973 1345 4008 cu·

223 4026 336 4093 pidus:
364 4026 432 4078 nihil
455 4035 540 4079 autem
564 4030 615 4079 erit
640 4032 711 4097 quod
731 4048 772 4083 me
797 4046 846 4097 per
868 4038 948 4082 totum
968 4032 1147 4083 narrationem
1168 4029 1200 4081 ab
1220 4044 1253 4081 eo
1274 4043 1344 4080 evo-

243 4104 299 4149 cet:
328 4098 372 4150 liet
390 4099 512 4165 proiecto
538 4098 610 4169 quod
635 4106 796 4170 concupisti.
834 4103 932 4155 Verum
952 4102 1033 4169 paulo
1052 4118 1133 4169 supra
1152 4102 1342 4170 genealogiam

243 4170 337 4221 domus
357 4172 543 4236 imperatoriae
563 4174 639 4225 iuvat
656 4183 796 4240 repetere,
822 4180 851 4225 ut
869 4174 1065 4243 intelligamus,
1085 4176 1145 4242 quis
1165 4188 1180 4223 e
1200 4188 1254 4241 quo
1273 4188 1341 4239 pro-

243 4248 358 4307 creatus,
377 4249 403 4294 et
421 4258 534 4311 quorum
557 4258 589 4295 ex
610 4261 639 4297 se
657 4246 717 4311 ipso
735 4254 858 4299 ustorum
876 4261 955 4314 quem
974 4247 1087 4313 imperio
1108 4245 1272 4309 admoverit,
1294 4260 1341 4296 re-

243 4312 328 4382 liquis
348 4312 413 4367 llliis
431 4314 495 4369 lruic
515 4330 611 4383 perere
629 4318 715 4370 iussis.
1399 4320 1402 4326 ’
