3025 4900
274 339 332 426 36
668 364 981 445 osuuncuznm

116 527 437 613 Α.0.132οκηὸεστὴν.
460 524 478 591 ά
500 513 697 614 πρεσβευτὴς
721 528 757 591 δὲ
773 523 917 616 μοναχός
935 521 983 610 ἡν,
1008 525 1199 600 Καλλίνικος
1219 523 1372 607 κεκλημέ-

274 651 336 716 νος,
369 627 404 693 ro
428 629 516 713 γένος
546 629 607 711 μὲν
631 628 687 693 καί
709 626 803 704 αὐτὸς
825 627 995 713 Τριβαλός,
1018 621 1054 690 erl
1077 627 1112 690 δὲ
1134 623 1227 700 εἰδοὺς
1247 631 1373 710 καιροῖς

275 729 330 794 καί
352 730 521 815 πράγμασι
543 734 715 804 πολιτικοῖς
735 731 885 813 χρῆσθαι
909 728 952 791 δι’
977 727 1156 809 ἐμπειρίαν.
1190 721 1234 802 ,ὃς
1255 723 1294 807 δὴ
1316 720 1373 804 τὴν

273 828 392 910 μεταξὺ
412 831 474 892 τῶν
495 828 655 910 βασιλέων
677 827 902 915 ἀναφυομένην
928 828 1039 893 στάσιν
1057 825 1103 910 μὴ
1127 824 1294 909 ἀγνοήσας,
1315 824 1372 887 κατ’

274 928 422 1008 συνιδών,
444 927 487 1004 οἷς
501 928 664 1014 ἡτοιαύτη
680 931 870 1010 διχοστασιά
886 931 999 1015 καιρὸν
1012 926 1051 993 άν
1064 927 1218 1013 παράσχῃ
1233 927 1279 1012 τῷ
1297 924 1392 1010 ίδίῳὸ

244 1031 413 1118 Οδεσπάτῃ
434 1029 524 1116 παρά
542 1033 702 1112 βασιλέως
725 1021 768 1094 ὧν
789 1030 919 1114 ηἰίίκητο
941 1022 1016 1113 περὶ
1033 1027 1089 1113 τὴν
1114 1025 1266 1113 στρατιάν
1283 1025 1373 1103 δίκας

275 1134 395 1215 λαβεῖν,
415 1131 561 1212 ἐβούλετο
584 1131 693 1219 κράφα
713 1133 760 1217 τῷ
779 1131 838 1217 νέῳ
860 1126 994 1212 βασιλεῖ
1010 1137 1188 1211 συντυχεῖν.

192 1242 265 1298 v.21
359 1232 388 1317 ἡ.
414 1233 459 1299 Τά
477 1237 506 1299 δ’
519 1232 595 1299 asino*
610 1235 666 1298 καί
676 1232 829 1315 βασιλεὺς
843 1231 861 1296 ὅ
874 1233 943 1310 νέος
954 1232 1012 1299 σάν
1025 1235 1199 1319 δομεστίκῳ
1210 1235 1256 1320 τρῖ
1269 1231 1373 1317 μεγά-

275 1341 320 1420 λῳ
343 1341 517 1400 λυσιτελεῖν
544 1331 651 1409 αάτσῖς
674 1331 869 1418 ἡγησάμενοι
896 1332 976 1416 πρὸς
1002 1332 1056 1399 τάν
1081 1333 1215 1420 Κράλην
1237 1337 1372 1418 διαπρε-
1402 1391 1406 1396 .

275 1435 478 1518 σβεάσασθαι
499 1436 575 1518 περί
597 1433 798 1517 συμμαχίας,
821 1432 875 1498 τάν
897 1435 1091 1500 Καλλίνικον
1114 1433 1412 1516 μετακαλεσάμε-ίῡ

243 1545 324 1600 cnut
346 1536 401 1600 καί
429 1535 504 1619 περί
529 1537 585 1618 τῆς
605 1537 662 1600 τοῦ
685 1533 802 1617 Κράλη
828 1534 1020 1618 συμμαχίας
1040 1535 1096 1598 καί
1123 1534 1234 1620 φιλίοις
1263 1536 1374 1598 διαλε-

269 1639 403 1720 χθέντες
427 1636 482 1699 καί
511 1636 675 1710 πείσαντες
702 1635 736 1699 έκ
758 1634 815 1697 τοῦ
844 1630 962 1720 ῥᾴστου
987 1631 1040 1697 (ίιά
1061 1632 1097 1696 τὸ
1124 1633 1180 1697 καί
1203 1633 1296 1699 αάτόν
1316 1632 1373 1716 τὴν

272 1737 449 1822 πρεσβείαν
467 1735 583 1820 ταύτην
595 1736 640 1821 τῷ
656 1735 772 1820 Κράλη
792 1735 934 1816 νομίζειν
954 1738 1137 1810 λυσιτελεῖν,
1151 1729 1257 1808 άλλως
1274 1737 1308 1796 t’
1324 1731 1373 1798 ὅτι

272 1837 327 1902 καί
348 1838 429 1922 πρὸς
440 1834 637 1921 Συργιάννην
653 1833 740 1921 αὐτῷ
756 1835 868 1919 φιλίας
886 1833 1024 1916 ἐνέχυρα
1040 1833 1261 1918 καὶπρότερον
1276 1823 1372 1917 ἡσαν,

271 1935 567 2014 ἐξαποστέλλουσιν.
592 1931 610 1998 ὅ
630 1935 665 1998 δὲ
688 1934 811 2019 σποάιίη
836 1931 891 1997 καί
910 1932 1079 2020 προθυμίᾳ
1097 1935 1202 2018 πολλῇ
1222 1931 1278 2016 τὴν
1296 1929 1411 2020 o‘ddyro

230 2050 232 2054 '
270 2037 406 2117 τάχιστα
430 2035 594 2114 ὃιανάσας,
623 2037 670 2120 τῷ
694 2034 810 2118 Κράλη
834 2055 868 2097 τε
897 2033 1132 2116 συγγενόμενος,
1163 2033 1219 2098 καί
1238 2031 1294 2116 τὴν
1315 2035 1373 2097 τοῦ

272 2135 345 2201 νέου
366 2137 526 2220 βασιλέως
550 2135 745 2219 άπαγγειλας
764 2136 949 2216 πρεσβείαν,
972 2125 1046 2214 εὗρε
1063 2133 1119 2197 καί
1141 2133 1235 2198 αι’πὸν
1258 2131 1371 2218 ὥσπερ

272 2239 408 2320 ἕρμαιον
436 2233 636 2321 ἡγησάμενον
663 2232 716 2298 τὸν
738 2230 867 2319 καιρὸν,
901 2234 958 2298 καί
984 2234 1079 2298 παντί
1102 2237 1210 2297 σθένει
1239 2257 1372 2315 συμμα-

192 2337 384 2420 Ρ.26χὴσειν
404 2334 655 2417 ὑπισχνούμενον
675 2337 721 2422 τῷ
748 2334 808 2421 νέῳ
832 2339 969 2419 βασιλεῖ,
1004 2335 1084 2419 πρὸς
1115 2337 1162 2420 τῷ
1192 2333 1248 2398 καί
1273 2334 1373 2415 χάριν

272 2436 402 2521 εἰδέναι,
427 2437 457 2501 εἰ
476 2437 573 2519 μόνον
596 2437 651 2500 τοῦ
681 2435 814 2500 πάππου
837 2435 893 2501 καί
917 2436 1079 2517 βασιλέως
1106 2431 1258 2511 άποστάς,
1290 2433 1410 2518 πρὸςρο

270 2543 336 2613 τοῖς
358 2537 473 2621 μέρεσι
504 2537 624 2621 γένοιτο
648 2538 867 2612 Μακεδονιλις
892 2531 971 2624 pleno
998 2536 1060 2622 γάρ
1088 2536 1143 2620 την
1172 2534 1252 2620 πρὸς
1277 2534 1373 2598 αὐτόν

272 2638 463 2721 συμμαχίαν
492 2637 633 2701 κάκωσιν
662 2632 743 2702 εἶναι
773 2640 837 2702 τῶν
860 2639 916 2701 τοῦ
946 2639 1102 2722 κηδεστοῦ
1127 2636 1183 2701 καί
1211 2634 1373 2718 βασιλέως

272 2736 477 2823 πραγμάτων.
502 2736 609 2819 λαβὼν
631 2738 738 2803 τοίνυν
751 2735 769 2804 o‘
783 2738 977 2813 Καλλίνικος
991 2735 1049 2813 τάς
1067 2738 1267 2823 ἐπαγγελίας,
1289 2736 1371 2803 tud-

271 2859 354 2899 νεισι
383 2835 463 2921 πρὸς
482 2836 516 2901 τὸ
539 2838 718 2917 Βυζάντιον
737 2837 820 2902 κατά
844 2840 943 2919 τάχος
964 2840 1020 2903 καί
1038 2838 1167 2923 χαίρων
1188 2835 1304 2923 ὀφθείς
1325 2838 1374 2921 τῷ

271 2938 405 3019 βασιλεῖ
408 2936 558 3021 χαίροντι
579 2935 753 3023 ἀπήγγελλέ
772 2960 806 3002 τε
819 2937 860 3003 τά
874 2940 930 3021 τῆς
944 2940 1127 3021 πρεσβείας,
1147 2936 1203 3001 καί
1215 2936 1271 3020 ιὴν
1288 2946 1416 3018 nvp-25

274 3092 333 3127 cnm
353 3092 407 3128 non
426 3076 496 3127 male
518 3076 659 3129 didicisset
677 3079 714 3129 nti
735 3076 939 3141 occasionibus,
959 3085 986 3129 et
1003 3079 1031 3128 ln
1051 3075 1129 3129 robus
1149 3073 1277 3128 civilibus
1297 3075 1374 3126 tritus

273 3155 354 3211 esset,
372 3155 488 3198 exortem
512 3156 652 3214 praeterea
669 3150 739 3200 iuter
760 3151 933 3215 imperatores
957 3149 1121 3200 discordium
1140 3164 1195 3199 son
1223 3150 1375 3214 ignoraret,

273 3228 355 3287 etque
380 3220 459 3269 etiam
490 3222 670 3285 prospiceret,
698 3219 767 3271 lianc
787 3222 985 3271 dissensionem
1013 3220 1123 3271 domino
1148 3234 1198 3270 suo
1217 3232 1376 3285 peroppor-

272 3298 360 3341 tunum
381 3290 440 3341 loro
458 3289 489 3341 sd
511 3291 771 3342 animadvertendam
801 3291 828 3343 in
847 3304 944 3342 socero
973 3297 1085 3357 psopter
1110 3289 1209 3341 milites
1237 3291 1376 3353 iniurium,

273 3377 331 3413 enm
351 3362 461 3412 iuniore
481 3362 643 3426 imperatore
663 3361 860 3413 clandestinum
880 3360 970 3413 voluit
989 3363 1060 3413 inire
1081 3360 1259 3430 colloquium.

344 3431 369 3483 8.
407 3432 432 3483 ls
454 3439 481 3483 et
498 3433 783 3497 mspnnsdomestlous
801 3449 817 3483 o
836 3448 865 3483 re
885 3446 933 3483 sus
948 3432 1065 3484 loturum
1080 3440 1233 3497 statuentes,
1252 3434 1275 3483 si
1294 3430 1377 3495 legs-

272 3504 372 3556 tionem
392 3505 424 3555 do
444 3505 667 3555 ooenndasecum
686 3502 753 3555 uerti
773 3504 903 3555 societate
921 3504 954 3555 ad
974 3503 1078 3556 Cralem
1092 3506 1237 3568 mitterent,
1257 3502 1376 3554 Callini-

274 3592 333 3627 onm
354 3581 529 3631 arcessentes.
549 3582 577 3626 et
595 3592 653 3626 cnm
668 3575 762 3627 eodem
784 3575 818 3626 do
836 3576 956 3627 amicitia
976 3582 1004 3627 et
1021 3576 1133 3628 loedere
1154 3590 1214 3627 oum
1230 3573 1308 3627 Crale
1327 3576 1377 3624 io-

263 3646 365 3705 ,ουσία
385 3647 562 3697 disserentes:
584 3646 722 3715 incileqne
743 3646 845 3697 homini
865 3647 1071 3710 oonsnndeotes,
1097 3647 1168 3714 quod
1198 3654 1224 3698 et
1243 3649 1302 3713 ipse
1319 3646 1376 3697 hoo

274 3715 345 3769 Orali
360 3716 554 3769 conducturum
566 3719 685 3781 sentiret,
705 3725 758 3768 tum
771 3719 849 3770 etism
861 3719 933 3787 qnod
949 3726 1025 3770 votus
1045 3720 1070 3770 ei
1089 3734 1149 3768 enm
1163 3718 1313 3787 Sprginone
1323 3732 1376 3768 oe·
1449 3718 1452 3721 ’

275 3790 409 3842 cessitndo
426 3794 504 3850 esset,
530 3788 645 3857 legatum
667 3804 726 3841 enm
753 3790 870 3841 mittunt.
898 3790 958 3854 Qui,
985 3790 1159 3858 festinatione
1184 3796 1211 3840 et
1236 3788 1376 3841 slsoritnte

275 3862 343 3911 mira
362 3860 504 3913 celerrime
527 3862 780 3925 conlocutionem,
800 3876 860 3911 cnm
872 3858 949 3914 Crolo
961 3876 1131 3930 congressus,
1150 3860 1315 3927 legationem
1327 3861 1374 3911 in·

274 3934 361 3984 nioris
382 3932 552 3997 imperntoris
572 3934 692 3999 exponit.
713 3931 763 3983 llle
782 3933 907 3984 similiter
925 3932 959 3983 de
979 3932 1069 3984 oltlstn
1088 3932 1285 3995 commoditate,
1304 3938 1377 3981 tam·

275 4006 407 4072 quamde
431 4005 612 4069 inexspectato
640 4002 729 4068 lucro,
757 4004 866 4071 gnudet,
896 4004 995 4070 gratiss
1024 4006 1137 4070 insuper
1162 4005 1219 4071 ugit
1242 4011 1324 4071 atque
1342 4004 1377 4056 sd

275 4081 401 4142 nepotem
421 4074 599 4125 adiuvandum
621 4076 693 4125 vires
712 4090 877 4127 sunsomoes
898 4075 1023 4141 spondet,
1042 4074 1186 4127 dnmmodo
1204 4073 1237 4126 nb
1257 4089 1308 4127 nvo
1329 4090 1377 4125 re-

275 4153 378 4211 motus,
408 4147 483 4197 iuxta
507 4144 689 4197 Macedoniam
719 4147 876 4197 consident:
910 4147 950 4197 sio
977 4149 1046 4197 enim
1074 4145 1273 4211 expeditionem
1300 4161 1376 4197 sunm

275 4217 442 4269 auxiliarium
461 4217 549 4268 soceri
570 4216 649 4267 rebus
667 4217 818 4267 damnosam
839 4218 899 4269 lore
919 4216 1079 4269 confidebat.
1110 4215 1175 4267 Cam
1193 4214 1241 4269 tali
1260 4216 1376 4283 pollici-

274 4292 376 4342 tatione
395 4285 544 4341 Cillinicus
564 4289 664 4354 mugnis
693 4288 836 4339 itineribus
856 4286 1012 4355 Byzantium
1030 4304 1059 4341 se
1077 4290 1185 4355 recipit,
1206 4304 1376 4340 successum·

268 4378 321 4431 qne
339 4359 559 4430 legationissune
581 4359 819 4427 laetoisoporatori
838 4357 926 4413 lnetns
936 4361 1079 4414 edisserit:
1099 4366 1199 4412 certum
1216 4358 1375 4414 esseleis
