3025 4900
566 371 805 486 baruntio
1148 354 1226 464 ⁴inu

134 563 304 642 venimus,
349 563 501 648 Origenes
529 575 559 628 et
579 563 786 632 Tertullianus
815 565 921 651 quoles
940 567 1064 631 tandem
1084 569 1227 632 iaoeuntt

135 661 243 723 Nonne
270 683 382 724 eorsnn
418 663 557 727 haereses
590 673 716 730 extant?
759 658 928 731 'Fermtur
955 660 1228 732 demonsnationes

135 761 327 844 evangelicae
354 763 481 826 Eusebii
507 765 682 848 Pamphili,
711 769 744 828 in
767 768 879 851 quibus
901 779 1027 852 aperte,
1054 779 1086 830 et
1108 772 1228 853 saepius

134 854 310 942 ἅριανιζει,
337 864 422 945 quod
445 863 635 926 doctissimus
647 865 753 928 Billius
774 866 1021 928 observationum
1040 867 1096 930 lib.
1122 889 1228 950 acep-

135 979 184 1042 ²7·
194 959 287 1042 plane
312 982 350 1023 ac
372 963 484 1024 diserte
506 964 647 1034 ostendit.
688 966 773 1046 Quid
790 964 1060 1028 demonstrationes
1073 965 1226 1050 evangeli·

134 1063 210 1120 cae?
251 1061 362 1124 Statim
376 1065 409 1124 in
431 1065 498 1145 ipso
512 1065 662 1147 principio
683 1064 899 1128 ecclesiasticae
919 1069 983 1128 eius
996 1066 1141 1129 historiae
1154 1068 1244 1150 (quo¹

135 1173 333 1223 monumento
353 1161 431 1223 nihil
455 1162 603 1226 hahemus
628 1165 662 1226 in
689 1163 845 1248 republica
871 1164 1042 1228 Christiana
1068 1165 1226 1247 illustrius)

134 1255 327 1326 Arianiunos
353 1261 471 1347 aliquot
498 1263 640 1328 observat
664 1275 749 1326 tomo
773 1267 864 1326 tertio
887 1263 1056 1326 Annalium
1081 1267 1225 1328 Ζωοω.

134 1355 213 1418 Sunt
226 1360 260 1420 in
280 1361 423 1424 manibus
446 1374 640 1426 monumenta
661 1363 785 1445 Photii,
812 1374 883 1426 sunt
905 1364 1060 1427 Theodori
1069 1364 1223 1428 Mamo-
1342 1353 1346 1365 ¹

133 1455 205 1538 nis,
238 1461 294 1542 qui
314 1461 461 1541 Latinos,
486 1471 520 1522 ut
542 1462 804 1545 pestilentissimus
826 1463 1053 1543 schismaticus,
1081 1466 1225 1526 conviciis

132 1559 248 1638 possim
261 1557 383 1622 lacerat.
423 1559 556 1623 Eosdem
571 1561 612 1624 ob
624 1565 847 1646 processionem
869 1567 964 1625 sancti
976 1563 1106 1647 Spiritus
1124 1565 1224 1646 erogi-

132 1659 284 1720 teretium
301 1657 412 1721 nobilis
431 1662 510 1722 inter
522 1661 678 1746 theologos
695 1673 797 1745 patres
811 1661 1056 1746 Theophylactus
1065 1661 1227 1746 hulgsmoe

133 1757 313 1839 qriscoptrs,
342 1769 393 1838 et,
422 1761 508 1820 cuius
522 1759 660 1822 similiter
679 1783 825 1845 magnum
845 1761 925 1823 inter
943 1782 1044 1826 metus
1063 1764 1226 1844 scriptores

132 1874 247 1917 nomen
272 1867 339 1938 est,
367 1858 563 1942 Euthymius.
616 1859 747 1922 Possum
771 1861 872 1962 adhuq
889 1861 1049 1922 nominare
1069 1860 1223 1941 homilias,

133 1964 165 2014 et
181 1953 243 2016 alia
257 1959 370 2039 scripta
390 1958 597 2021 huiuscemodi
616 1961 788 2040 hominum,
814 1982 894 2044 quae
912 1965 945 2022 in
960 1962 1103 2022 Latinum
1122 1973 1223 2024 usus

130 2049 361 2139 lataleguntnr,
391 2067 421 2118 et
433 2057 474 2117 sb
488 2059 613 2120 eruditis
632 2057 839 2143 proferuntru.
880 2059 913 2121 Si
925 2080 998 2143 ergo
1010 2082 1067 2122 nec
1085 2064 1223 2143 superio·

129 2173 202 2212 rum
215 2153 387 2234 historiae,
405 2177 462 2218 nec
476 2159 603 2218 istorum
623 2161 833 2220 commentarii
851 2158 997 2221 hactenus
1012 2157 1154 2220 ecclesiae
1173 2163 1222 2222 in·

129 2255 382 2318 commodnnmtt
405 2259 480 2340 quin
493 2259 594 2340 potius
606 2258 698 2341 (quod
712 2279 761 2320 res
774 2256 901 2329 clamat)
915 2260 1028 2320 mirum
1041 2259 1074 2318 in
1096 2258 1222 2320 modum

129 2352 387 2440 vehementerque
408 2358 656 2436 commodarunt,
685 2380 726 2419 ne
748 2379 767 2418 a
781 2357 992 2419 Centacuseno
1009 2356 1133 2440 quidem
1154 2378 1221 2418 ma-

130 2454 178 2535 gis
190 2441 339 2517 danim
355 2454 453 2517 ullum
473 2457 689 2537 metuendum,
716 2479 810 2541 quam
829 2457 958 2535 nunus,
981 2459 1069 2540 isque
1079 2468 1142 2519 no'n
1156 2478 1221 2519 me

131 2552 264 2633 diociis,
287 2563 322 2616 ut
337 2576 372 2616 ex
387 2557 631 2617 antecedentibus
645 2558 756 2639 patuit,
782 2555 997 2639 exspectandus
1012 2567 1066 2620 est.
1106 2558 1222 2618 Rerum

129 2664 287 2735 gestarem
321 2674 356 2715 ae
378 2655 577 2717 vetustiorum
609 2666 783 2738 temporum
814 2654 939 2735 utilem,
963 2658 1222 2737 necessariamque
1255 2670 1260 2683 “

131 2754 338 2833 cognitionem
367 2756 576 2837 persequimur
596 2766 627 2815 at
649 2756 850 2837 inquirimus:
879 2754 1000 2837 siquid
1022 2754 1221 2817 interdnmin

129 2852 171 2911 iis
186 2854 286 2913 mium
304 2852 543 2915 commendabile
564 2856 755 2936 aspergitur,
778 2854 810 2915 id
831 2864 897 2915 tota
914 2866 1017 2918 mente
1044 2875 1222 2949 aversamur

129 2953 408 3031 atquereiicimus:
438 2963 468 3013 et
490 2950 607 3014 calamo
625 2956 735 3030 etiam
760 2974 832 3013 eum
852 2957 1052 3032 estoccasio,
1079 2964 1222 3014 notamus

131 3060 226 3131 atque
245 3051 445 3115 confodimus.
485 3052 550 3112 Nec
574 3072 648 3113 vero
670 3050 710 3110 ab
732 3050 791 3114 hoc
810 3062 934 3111 auctore
952 3063 1058 3112 nostro
1078 3048 1221 3113 ecclesiae

129 3146 308 3230 Romanae,
339 3160 391 3212 aut
411 3150 548 3211 Romano
568 3150 705 3233 pontifici
717 3148 918 3211 contumeliae
934 3148 1097 3230 dicuntur,
1127 3168 1220 3232 quen

126 3258 262 3330 patrem,
286 3250 506 3311 sanctissimum
528 3250 698 3329 dominum,
724 3260 779 3311 tua
798 3250 959 3326 sanctitas,
990 3258 1045 3309 tua
1063 3246 1220 3309 beatitudo

129 3358 239 3409 vemt:
263 3360 294 3409 et
307 3359 343 3410 ut
357 3349 438 3432 apud
453 3370 522 3410 eum
535 3352 677 3433 opinione
688 3348 777 3434 ‘mala
795 3370 835 3409 ne
852 3350 904 3428 sit,
926 3346 1062 3408 elaboret
1075 3347 1219 3430 (propter

128 3444 297 3529 barbaros,
321 3450 437 3510 Turcas
458 3448 617 3529 videlicet,
644 3450 677 3510 in
697 3448 841 3510 auxilinm
856 3449 1034 3524 accersitos,
1053 3458 1217 3509 vastatam·

127 3568 191 3629 que
201 3546 283 3610 hello
296 3548 378 3610 civili
391 3548 603 3631 provinciam)
623 3568 693 3609 cnm
707 3568 742 3609 eo
756 3568 842 3608 arma
855 3544 1000 3607 adversus
1013 3545 1148 3608 infideles
1159 3566 1219 3629 pro
1352 3619 1354 3622 Ι

127 3645 228 3729 gloria
249 3651 346 3709 crucis
368 3648 482 3710 Christi
504 3650 685 3731 coniungere
707 3648 812 3729 cupite
846 3648 911 3706 eins
929 3642 1134 3707 laudationem
1158 3644 1217 3706 sibi

127 3744 316 3828 amplissimo
335 3748 445 3809 honori
464 3746 563 3809 ducit:
591 3746 705 3829 legatos
724 3748 819 3829 ipsius
836 3744 967 3827 henigm
985 3747 1115 3828 excipit:
1145 3762 1217 3806 crnn

127 3845 249 3925 eodem,
271 3846 425 3908 Clemente
440 3848 585 3907 nimirum
604 3848 675 3925 vt,
695 3845 735 3906 de
758 3843 876 3926 synodo
895 3842 1055 3920 habenda,
1083 3842 1216 3903 redinte-
1305 3876 1308 3881 ·

125 3946 304 4029 grandoque
328 3946 523 4008 ecelesiarum
543 3946 704 4007 concordia
728 3942 854 4005 sollicite
881 3963 917 4004 ac
946 3951 1119 4003 reverenter
1141 3942 1214 4023 agit.

121 4042 212 4123 Non,
232 4046 378 4129 inquam,
408 4044 458 4106 hie
482 4046 595 4128 probra
618 4057 648 4107 et
661 4042 821 4105 meledicta
833 4044 1005 4104 iaciuntur:
1029 4040 1082 4102 sed
1099 4040 1215 4103 dimen-

121 4144 169 4205 sio
199 4163 234 4207 ac
249 4144 410 4209 dissidium
431 4144 508 4209 illud
521 4168 539 4207 a
552 4147 641 4208 nohis
651 4146 789 4225 Latinis,
803 4144 865 4206 iam
886 4140 976 4227 lippis
993 4151 1024 4203 ct
1043 4139 1217 4205 tonsoribm
