3025 4900
291 283 344 368 7⁰
670 272 951 346 auricomus

140 429 434 517 besisrymicm·
454 431 498 498 iri
515 427 575 519 γάρ
595 431 693 498 είπιίν
712 433 844 498 δίκαιον.
872 434 943 499 ἕπει*
958 427 1037 500 δἀό
1056 431 1248 520 δοσπραγίαι
1261 433 1375 503 τοσσό-

286 555 342 597 τον
361 528 515 596 ἔπνευσαν
531 528 615 615 βορά
632 533 704 594 κατ’
722 531 813 613 ἐμοῦ,
833 525 915 597 ιόστε
928 555 983 614 μοι
999 535 1055 596 καί
1067 528 1105 596 τά
1125 531 1241 618 πατρὸς
1253 533 1375 616 σπλάγ-

286 655 349 716 χνα
368 633 518 696 τοσοῦτον
531 631 820 710 ἐκπεπολεμῶσθαι,
836 629 880 706 ὥς
893 633 974 716 μηδὲ
994 633 1049 718 τῆς
1065 627 1181 719 ὅτηιοῦν
1198 617 1375 716 προσηκοό.

284 753 342 814 σης
365 726 549 814 ἐλευθερίας
568 725 733 811 τυγχάνειν
751 730 806 792 ἐπί
818 725 854 793 τὸ
875 727 914 794 τά
933 729 1112 815 ἐγκλήματα
1133 722 1368 810 inritauerat,

285 830 400 910 δέομαι
415 827 473 892 τοῦ
491 828 549 892 σοῦ
564 825 715 912 κρότους,
735 819 764 891 ui
778 830 924 909 βασιλεῦ,
945 825 989 914 μη
1021 825 1171 914 πρότερον
1191 828 1300 914 ψῆφον
1318 827 1390 904 ίξό

257 933 435 1009 correcto,
456 923 531 1010 πρίν
545 917 584 989 όν
603 921 645 989 τά
659 921 857 1010 ἐγκλήματα,
878 921 957 1014 άπερ
980 928 1060 1009 ἐμοῦ
1071 922 1295 1011 κατηγόρηκας,
1309 928 1372 1008 βα-

284 1022 370 1114 σάνφ
390 1025 582 1110 δοκιμασθῇ.
601 1016 659 1088 κάν
673 1025 733 1105 μίν
748 1049 781 1088 τι
804 1023 968 1112 φαίνωμαι
984 1019 1102 1090 τούτων
1121 1025 1371 1110 ἐξειργασμένος,

284 1119 343 1208 τὴν
354 1123 491 1209 ἐσχάτην
504 1125 615 1188 δοόνοιι
629 1120 717 1208 δίκην
732 1121 946 1190 άποθοινόντα·
965 1115 1004 1188 άν
1021 1125 1053 1187 δ’
1065 1120 1232 1208 ἑλοάδερος
1244 1123 1280 1186 ἐκ
1293 1117 1373 1186 πάν-

284 1245 349 1287 των
363 1217 486 1287 τοότων
505 1219 704 1304 άποδειχθῶ,
731 1215 807 1309 άπερ
826 1217 916 1303 οἶμαι
935 1220 992 1287 καί
1013 1225 1049 1288 σὲ
1069 1220 1244 1306 βούλεσθαι
1256 1217 1312 1284 καί
1328 1221 1371 1284 δι’

283 1318 381 1406 εὐχῆς
394 1325 571 1403 ποιεῖσθαι,
592 1318 657 1384 τότ’
677 1320 800 1395 ἐξέσται
818 1316 913 1384 πόλιν
928 1323 1028 1408 πατρί
1040 1344 1076 1404 γε
1092 1311 1170 1406 im
1181 1317 1234 1384 σοί
1246 1315 1302 1382 καί
1311 1337 1416 1382 scu-ro

260 1421 344 1508 ρίφ
370 1419 519 1507 πράττειν
542 1414 581 1483 τά
601 1412 681 1482 κατά
702 1415 859 1504 γνοόμην.”
895 1417 1024 1496 Ὶοότοις
1047 1425 1114 1494 τοῖς
1132 1416 1235 1501 λόγοις
1251 1416 1296 1491 είς
1314 1413 1372 1501 δρ-

284 1515 343 1602 γὴν
358 1520 510 1605 ίξαφδείς
530 1515 705 1582 ε’πιπλίονό
724 1516 937 1604 πρεσβότερος
947 1513 1108 1599 βασιλεῦς,
1123 1516 1303 1604 τραχυτέρρ
1314 1516 1374 1578 τοῦ·

200 1622 232 1679 V.
243 1625 277 1682 ³8
287 1619 409 1693 δέοντος
426 1614 626 1700 χρησάμενος
640 1619 681 1703 τῇ
698 1619 798 1705 φωνῇ,
817 1615 862 1703 μὴ
884 1613 1010 1682 οἴεσθαι
1025 1613 1123 1682 αὐτόν
1137 1614 1222 1697 ἔλεγε
1235 1615 1298 1678 τοῖν
1313 1637 1371 1678 κα-

285 1716 446 1798 λουμένων
464 1709 527 1778 nimi
545 1718 695 1800 Χριστοῦ.
717 1710 734 1776 ό
765 1717 833 1791 νέος
847 1717 882 1780 δὲ
900 1709 1095 1801 Ἀνδρόνικος
1111 1710 1213 1788 esibile
1228 1709 1308 1798 πρὸς
1317 1708 1371 1778 τὸν

285 1815 428 1879 τοιοῦτον
436 1807 581 1878 άπαντῶν
595 1811 695 1900 λόγον,
714 1815 881 1900 ,μράτιστε
893 1811 1122 1899 βασιλεῦ”’ἔφη
1130 1813 1214 1894 ,μάν
1228 1809 1300 1893 ἐμοὶ
1311 1813 1414 1898 νόνιό

255 1913 518 1994 Βέπενεχθίντων
539 1914 738 1996 ἐγκλημάτων
754 1914 877 1978 πολλῶν
890 1903 986 1978 όντων
999 1914 1055 1977 καί
1069 1912 1236 1995 χαλεπῶν,
1248 1905 1296 1975 ἔτι
1315 1906 1373 1974 καί

284 2013 382 2076 πλείω
403 2013 458 2075 καί
473 2009 680 2095 χαλεπώτερα
701 2013 760 2076 σοῦ
778 2008 988 2097 προτάξαντος
1007 2005 1120 2095 ἤνεγκα
1138 2003 1178 2074 άν
1195 2009 1277 2096 σιγῇ.
1299 2003 1371 2072 itt

284 2109 341 2174 νόν
357 2105 436 2196 ἔφης
443 2159 455 2192 ,
484 2105 530 2192 μὴ
553 2105 683 2175 οἴεσθαί
702 2133 745 2191 με
765 2106 981 2196 Χριστιανόν,
1008 2111 1155 2175 τοσοῦτον
1182 2099 1290 2188 άπόχω
1309 2107 1371 2170 τοῦ

284 2207 358 2294 σιγῇ
373 2209 481 2295 φέρειν
497 2201 519 2291 ἢ
533 2203 609 2292 πρός
624 2206 682 2290 ἐμὲ
700 2209 850 2295 εἰρῆσθαι
871 2207 1027 2290 νομιζειν,
1048 2201 1123 2271 ὥστ’
1143 2205 1272 2288 ἐμπίδος
1288 2195 1372 2290 ἤτι-

284 2328 338 2382 νος
350 2307 414 2370 ταῖν
441 2307 645 2392 φαυλοτέρων
667 2303 726 2392 τήν
752 2305 862 2394 φωνὴν
887 2301 1005 2392 ταότην
1024 2305 1153 2388 νομίζω.
1178 2304 1248 2371 ἀλλ’
1269 2303 1300 2368 εί
1314 2303 1417 2375 καίεο

284 2397 392 2486 “iliis
412 2427 505 2491 rom,
527 2403 589 2487 οὐκ
608 2405 669 2494 virli
691 2428 732 2489 με
757 2403 967 2493 Χριστιανὸν,
988 2404 1056 2471 ἀλλ’
1085 2399 1137 2489 άγε
1150 2400 1185 2470 τό
1199 2400 1372 2486 σεβάσμιον

283 2494 383 2567 αάτοό
403 2498 485 2585 αἷμα
501 2504 583 2591 όπὲρ
605 2504 685 2585 iussi
707 2502 949 2595 ιφιλανθρώπως
978 2504 1090 2587 ἐκχέας
1110 2498 1269 2589 Χριστός,
1287 2496 1369 2587 όπὲρ

284 2592 323 2663 οὗ
342 2596 399 2664 καί
416 2595 513 2677 αότὸς
525 2604 649 2684 ἕτοιμος
658 2596 739 2667 είναι
754 2601 789 2667 τό
804 2599 886 2668 ἴδιον
903 2602 1089 2683 άποδοόναι,
1110 2601 1225 2685 καιροῦ
1238 2599 1371 2664 καλοῦν-

284 2721 347 2780 τος,
367 2692 574 2787 θαρρούντως
593 2699 687 2789 φημί,
707 2694 826 2768 ἑαυτοῦ
840 2699 896 2765 καί
911 2698 1014 2766 οἴεταί
1020 2724 1061 2783 με
1077 2700 1132 2765 καί
1141 2692 1374 2793 ὀνομάζειικαί

356 2817 635 2949 ιδὼίζπιινεχδίντων
651 2802 742 2880 entes.
822 2837 864 2877 uo.
883 2820 924 2872 lte
943 2836 1012 2873 corr.
1036 2835 1087 2893 pro
1103 2818 1245 2891 νομίζων,
1263 2816 1319 2871 El).
1337 2814 1366 2867 Ρ.

352 2902 392 2958 να,
438 2902 489 2941 ειν.

283 2988 347 3042 illos
365 3007 447 3061 quem
464 3008 507 3045 me
528 2992 661 3047 iudlcssse
674 2992 847 3065 prudentius.
882 2991 954 3045 Mihi
970 3007 1033 3045 vero
1049 2992 1147 3045 metius
1166 2988 1258 3060 (mitto
1274 2988 1367 3043 dicere

283 3060 395 3132 iustius)
409 3061 606 3131 persuadebam
616 3065 684 3129 fore,
700 3082 732 3116 eo
748 3065 829 3116 modo
848 3080 937 3116 rerum
956 3071 1081 3117 eventum
1094 3062 1196 3113 videre.
1232 3059 1372 3181 ffuonism

283 3140 375 3181 sutem
392 3131 502 3183 adversa
520 3150 577 3186 sors
593 3136 634 3187 its
653 3151 696 3186 me
711 3133 882 3186 horribiliter
898 3134 1011 3196 efflavit,
1035 3141 1066 3185 ut
1091 3132 1167 3184 nullo
1191 3147 1235 3182 mo
1255 3147 1271 3181 o
1299 3127 1371 3181 mibi

284 3198 404 3251 debitam
420 3201 575 3255 libertatem
594 3203 630 3254 nd
652 3204 874 3274 respondendum
894 3202 1054 3255 criminibus
1072 3203 1229 3263 obtineam,
1245 3216 1293 3251 oro
1309 3215 1372 3251 me·

282 3268 410 3322 iestatem
427 3280 516 3333 tuum,
536 3274 692 3340 imperetur,
710 3274 752 3324 uti
771 3276 847 3343 prius
867 3274 1028 3325 sententium
1047 3288 1082 3323 ne
1101 3272 1182 3334 ierus,
1199 3286 1279 3344 quam
1297 3284 1370 3339 quae

284 3338 434 3404 obiecisti,
453 3342 593 3413 explorata
610 3351 639 3396 et
665 3340 780 3413 probata
798 3344 915 3396 luerint:
935 3350 967 3393 ut
984 3344 1007 3393 si
1026 3341 1093 3412 quid
1113 3359 1207 3394 eorum
1227 3339 1370 3392 admisisse

196 3406 204 3432 ⁸
286 3408 491 3477 deprehendes,
519 3414 610 3481 cupite
641 3429 744 3481 poenes
773 3414 926 3465 essolvsm:
953 3413 997 3463 sin
1015 3420 1106 3464 sutem
1120 3428 1170 3479 per
1188 3412 1278 3462 omnis
1297 3408 1372 3461 liber

282 3485 312 3530 et
336 3479 467 3534 innocens
498 3483 621 3535 invenior
645 3480 730 3553 (quod
759 3490 785 3535 tc
809 3499 919 3553 qnoque
944 3480 1099 3534 desiderare
1124 3488 1153 3533 et
1176 3482 1248 3533 votis
1273 3486 1370 3549 optare

282 3550 420 3621 existimo)
437 3561 469 3603 ut
499 3552 551 3604 tibi
572 3570 676 3604 rursum
700 3554 771 3621 petri
789 3570 819 3603 ac
844 3552 955 3605 domino
975 3570 1034 3604 meo
1053 3550 1128 3623 quod
1145 3550 1260 3603 libuerit
1277 3550 1369 3603 fucere

281 3618 372 3674 liccat.
425 3622 473 3672 llis
498 3622 587 3673 vorbis
612 3624 715 3674 maiore
742 3622 920 3675 inflammatus
946 3622 985 3674 ira
1013 3624 1104 3673 senior
1137 3622 1274 3691 asperiore
1303 3634 1370 3671 voce

304 3705 364 3738 unm
387 3690 427 3740 iss
452 3700 509 3743 erut
534 3694 704 3754 exclamans,
729 3692 855 3743 srbitrsri
873 3710 901 3744 sc
927 3692 1005 3744 illum
1030 3709 1086 3742 non
1106 3708 1164 3743 esse
1182 3689 1370 3743 Christianum

189 3788 196 3804 ι
283 3706 362 3811 iiiiii.
399 3760 452 3811 cui
470 3759 552 3812 verbo
563 3762 655 3814 iunior
673 3765 762 3813 statim
784 3763 822 3814 sic
839 3764 969 3837 occurrit:
990 3762 1057 3815 Cum
1075 3761 1160 3813 multu
1178 3769 1206 3813 et
1225 3760 1315 3829 gravia
1333 3758 1369 3811 de

282 3844 326 3879 mc
345 3830 458 3879 crimina
486 3831 665 3899 praedicaris,
683 3833 831 3900 imperator
855 3836 976 3902 optime,
1004 3834 1027 3885 si
1051 3832 1129 3899 plurs
1154 3828 1242 3882 ndbnc
1261 3837 1289 3881 ct
1307 3847 1371 3899 gra·

281 3900 358 3950 viora
377 3901 570 3967 praedicasses,
590 3903 700 3956 silentio
720 3904 926 3956 sustinuissem:
946 3901 995 3954 sed
1013 3904 1077 3973 quis
1096 3918 1169 3953 nunc
1187 3917 1230 3953 mc
1248 3900 1370 3951 Christi-

228 4026 244 4045 ·
282 3984 396 4018 enorum
413 3988 525 4022 numero
546 3972 661 4034 eximis,
682 3980 787 4024 tantum
807 3974 904 4035 nbcst,
926 3981 957 4024 ut
973 3970 1025 4022 lroc
1046 3970 1144 4023 lucitus
1164 3970 1250 4023 leram
1270 3977 1318 4021 tut
1336 3970 1369 4022 in

280 4052 325 4088 sne
343 4042 486 4093 convenire
512 4039 622 4103 ducam,
648 4050 678 4093 ut
701 4044 812 4107 culicis,
838 4052 885 4095 esst
911 4044 934 4094 si
960 4040 1027 4113 quid
1053 4050 1096 4093 est
1112 4058 1144 4093 eo
1163 4040 1370 4109 contemptius,

280 4105 352 4159 hanc
371 4122 463 4161 vocem
491 4110 582 4162 dicere
604 4128 661 4162 non
682 4128 786 4169 verear.
821 4112 875 4165 Sccl
900 4122 931 4164 nt
948 4120 978 4163 tu
1005 4128 1048 4163 me
1065 4128 1114 4179 pro
1134 4110 1292 4163 Christiano
1310 4124 1370 4160 non

280 4175 402 4241 habear,
420 4187 450 4233 et
467 4180 683 4243 contremiscas,
703 4186 751 4253 qni
767 4186 915 4253 pretiosum
930 4183 1087 4251 sauguinem
1106 4196 1243 4252 suumpro
1260 4194 1304 4232 mc
1316 4178 1369 4231 lre·
