3025 4900
302 1219 935 1320 PRAEMOMTUM.

72 1843 192 1948 Hanc
226 1900 367 1951 noram
393 1877 547 1956 Ioannis
566 1883 818 1962 Cantacuzeni
843 1882 1066 1980 editionem,
1091 1909 1158 1960 ou-

74 1996 128 2072 ius
158 2023 271 2072 nnnc
306 1999 480 2102 primum
514 2007 695 2082 volumen
725 2007 874 2112 prodit,
905 2011 1057 2112 reliqua
1079 2005 1158 2083 dno

3 2185 4 2196 ,
73 2138 284 2221 aequentur
307 2124 494 2224 proxime,
528 2127 755 2232 descriptam
779 2131 1001 2208 exhibemus
1024 2129 1074 2205 ad
1097 2156 1160 2204 ex-
1245 2120 1251 2132 ’

74 2243 248 2345 emplum
273 2242 453 2320 editionis
467 2246 674 2342 Parisinae‚
700 2246 800 2350 quie
819 2276 922 2326 anno
942 2244 1045 2343 1645.
1069 2249 1182 2323 voli·

74 2370 105 2438 3.
132 2364 200 2439 tol.
229 2365 333 2469 typis
354 2365 466 2467 regiis
490 2367 668 2473 impressa
693 2389 757 2446 est
814 2373 959 2447 Graeca
988 2369 1160 2475 primum

76 2512 117 2561 ea
140 2486 264 2563 editio
288 2488 477 2591 vulgavit,
504 2516 626 2593 eoque
649 2518 695 2567 ex
718 2521 799 2570 uno
824 2494 953 2570 codice
976 2494 1158 2584 Parisino,

73 2610 132 2683 uti
155 2609 254 2685 haec
266 2612 398 2703 verba,
419 2612 461 2687 in
480 2612 593 2692 titulo
615 2616 755 2719 posita,
782 2634 984 2693 testantur:
1012 2616 1161 2692 Graeca

73 2754 170 2804 rome
189 2734 354 2830 primtmt
374 2732 561 2832 prodeunt
585 2759 637 2809 ex
661 2736 789 2811 codice
809 2737 889 2812 MS.
907 2739 1161 2824 Bibliothecae

79 2852 123 2926 V
122 2856 177 2925 iri
201 2852 447 2928 11111111ςεί1ιί
463 2856 571 2929 Petri
593 2854 779 2957 &galerii
802 2860 986 2936 Franciae
1011 2860 1161 2939 Cancel-

72 2977 171 3049 larit‘.
207 2978 241 3051 E
265 2978 417 3081 regione
441 2996 562 3055 textus
586 2982 732 3079 graeci,
755 2965 863 3059 sectis
881 2984 1045 3086 paginis,
1078 3007 1162 3059 ver-

73 3098 220 3173 sionem
250 3099 412 3175 latinam
436 3098 571 3183 habet,
605 3124 725 3201 qttam
748 3103 909 3178 Iacobus
939 3108 1155 3193 Pontem,

74 3220 204 3297 codice
233 3222 416 3297 Bavarioo
445 3246 554 3311 utut,
588 3218 739 3295 dudum
770 3239 861 3297 ante
884 3219 1007 3298 edidit
1031 3227 1159 3327 lugol-

73 3344 185 3421 atadii
209 3372 314 3422 anno
344 3347 461 3435 1605„
488 3342 803 3419 annotationibus
818 3345 997 3423 cumanis
1021 3365 1105 3421 tum
1128 3353 1160 3424 Ι.
1207 3333 1211 3339 ’

75 3469 242 3547 Gretseri
275 3486 438 3543 auctam.
487 3466 584 3563 Quia
617 3464 826 3543 editionem
857 3467 1069 3545 Parisinam
1092 3496 1158 3545 cu-

74 3591 227 3681 raverit,
254 3616 381 3693 neque
413 3589 550 3666 titulus
573 3614 699 3691 neque
723 3589 912 3695 praefatio
946 3589 1064 3667 tradit
1071 3624 1083 3685 ;
1116 3610 1159 3667 at

73 3712 271 3791 hominem
300 3742 391 3790 eum
421 3713 536 3789 fuisse
561 3713 758 3795 eruditum
794 3738 1000 3816 graecoque
1023 3703 1159 3791 doctio-

73 3836 233 3926 timum,
259 3836 527 3914 annotationes
551 3836 715 3940 margini
741 3834 953 3941 adscriptae
978 3837 1156 3941 probant,

74 3959 213 4053 quibus
239 3960 335 4035 tum*
350 3960 449 4037 locos
474 3986 555 4036 non
580 3959 633 4036 ita
657 3958 787 4056 faciles
804 3960 1005 4035 intellectu
1027 3985 1072 4032 ex
1097 3962 1157 4037 in-

76 4082 213 4160 teriore
247 4108 382 4159 rerum
412 4083 629 4186 cognitione
659 4082 857 4187 explanat,
900 4100 983 4157 tum
1018 4079 1158 4157 codicia

76 4206 131 4283 tui
176 4204 412 4312 corruptelis
453 4204 702 4283 felicissimam
733 4206 961 4311 plerumque
1002 4202 1158 4281 medici-
