3025 4900
249 327 316 390 xvt
678 324 704 384 1.
739 319 917 388 rott'tnttt

249 493 309 558 Sed
330 495 414 556 iuvet
435 492 528 577 ipsius
555 490 755 554 cannenses
776 491 870 554 verbs
891 491 1028 576 prolerre
1049 489 1082 557 in
1105 491 1257 575 medium,
1294 513 1329 557 ex

248 593 318 656 libri
333 595 433 676 quarti
447 593 544 675 capite
564 594 708 675 vigesimo
727 602 856 674 quarto,
871 591 968 673 unde,
989 594 1142 677 quomodo
1163 617 1196 657 se
1207 594 1331 678 gesserit

249 693 281 753 in
304 693 430 754 historia
453 690 610 754 scribenda
629 693 791 773 Gregorns‚
812 689 927 773 liquido
939 695 1147 775 perspiciatur.
1188 695 1330 776 Impera-

248 803 350 852 torem
371 811 448 853 eero
479 789 746 867 Contncuzenum,
777 802 941 872 postquam
964 792 1067 873 ipsum
1084 811 1144 874 per
1163 811 1196 852 se
1218 790 1329 874 depri-

248 908 331 952 mere
360 901 451 972 atque
474 901 613 951 evertere
640 907 702 948 non
722 890 845 973 potuit,
868 889 1126 970 Palaeologorum
1153 891 1328 970 imperoto-

249 1009 319 1050 rum
336 988 448 1050 bellum
462 999 600 1050 mutuum
614 1007 675 1068 pro
693 999 874 1066 argumento
889 1007 1028 1050 sumens.-
1055 1001 1088 1051 et
1103 989 1223 1074 partim
1237 987 1329 1066 igno-

248 1087 354 1148 rantia
382 1106 487 1148 rerum
514 1097 691 1166 gestarum,
724 1087 844 1168 partim
874 1090 978 1166 gratia
1006 1099 1156 1171 corrupto
1179 1088 1327 1162 ueritate,

246 1205 284 1246 ec
316 1187 390 1246 totis
413 1185 535 1247 uiribus
561 1185 646 1246 uelut
674 1183 708 1244 in
728 1181 846 1264 sabulo
874 1184 1138 1247 comminiscendo
1161 1184 1325 1254 mentiens,

246 1281 364 1344 deinde
378 1283 491 1344 ordine
506 1283 552 1344 od
568 1281 694 1357 bellum,
723 1279 812 1364 quod
825 1294 935 1342 nostro
952 1284 1102 1345 memoria
1121 1295 1231 1344 contra
1246 1279 1326 1340 Can·

246 1395 429 1443 toennensem
448 1382 620 1444 excitatum
649 1391 712 1459 est,
748 1399 958 1464 progressus,
992 1395 1057 1442 tum
1077 1380 1142 1442 clio
1164 1380 1326 1463 complura

246 1481 373 1542 crimini
394 1479 471 1551 dat,
498 1480 681 1549 servitutes,
710 1477 842 1550 caedes,
870 1477 1116 1550 trucidationes,
1146 1476 1328 1561 populatio·

244 1597 323 1651 nes,
352 1589 384 1638 et
407 1596 604 1660 quaecunque
626 1577 774 1638 Romanis
791 1595 849 1658 per
870 1573 909 1636 id
934 1575 1049 1638 bellum
1074 1575 1218 1636 luctumo
1243 1574 1326 1634 inci·

246 1675 380 1747 derunt,
403 1675 453 1736 illi
467 1673 671 1736 adscribens:
691 1675 817 1738 tumel
842 1694 981 1737 umorem
1008 1671 1197 1737 dominandi
1223 1673 1326 1753 impe-

246 1773 396 1855 rialisque
416 1772 546 1855 fastigii
573 1772 752 1858 cupidinem
777 1773 936 1836 malorum
960 1772 1088 1834 illorum
1112 1771 1232 1833 nullom
1262 1769 1326 1829 du·

243 1873 503 1936 uiscerationem
531 1867 680 1952 affirmat.
722 1871 813 1934 Illud
826 1885 927 1934 nutem
950 1870 1199 1932 Cantacuzenum
1217 1867 1324 1953 potis-

141 1967 144 1984 '
245 1974 356 2032 sinuum
379 1972 508 2034 vellicat
534 1985 564 2032 et
587 1991 642 2033 cor
658 1972 725 2032 eius
745 1972 827 2049 urit,
861 1969 950 2056 quod
969 1969 1139 2042 mentitur,
1159 1988 1247 2043 eum,
1267 1965 1326 2026 ad·

244 2071 305 2131 leuc
321 2069 442 2132 visente
457 2069 665 2144 Andronico,
704 2070 833 2154 imperii
846 2069 982 2132 Romani
999 2067 1091 2148 longe
1107 2063 1325 2150 appetentissi-

243 2189 348 2240 mum,
384 2188 454 2229 cum
476 2167 517 2230 id·
531 2171 654 2252 assequi
671 2188 735 2230 non
760 2181 886 2252 posset,
916 2166 962 2230 ad
984 2167 1152 2229 morracios
1168 2167 1203 2226 in
1220 2175 1324 2225 monte

242 2265 345 2338 Atto,
375 2268 431 2350 qui
459 2267 526 2327 oiri
552 2269 654 2330 sancti
688 2281 718 2329 et
743 2291 763 2330 n
782 2268 852 2330 Deo
876 2265 999 2348 offlatd,
1020 2262 1207 2347 futurorum
1230 2281 1324 2347 prae·

241 2365 416 2431 sensionem
431 2365 544 2427 labere
556 2357 802 2445 ‘iudicabuntuffi
828 2363 1006 2448 profectum
1020 2383 1109 2437 esse,
1130 2361 1172 2422 de
1185 2357 1323 2443 suturis,

242 2477 274 2525 et
295 2486 337 2527 an
355 2464 401 2527 od
421 2485 454 2526 se
471 2466 643 2529 Romanum
670 2469 836 2551 imperium
860 2476 1079 2551 perventurum
1107 2474 1209 2533 esset,
1246 2478 1324 2542 W·

243 2576 460 2627 cunctaturum
487 2578 543 2627 etc.
588 2568 733 2629 Attamen
755 2568 820 2629 fieri
846 2578 963 2650 potest,
991 2575 1026 2624 ut
1039 2563 1190 2644 Gregorss
1202 2558 1242 2619 de
1255 2578 1323 2617 mo·

242 2663 327 2727 ribus
351 2662 519 2727 Andronici
545 2667 693 2751 qtraedem
707 2688 769 2729 non
790 2686 914 2750 prorsus
928 2662 1003 2725 falsa
1016 2661 1148 2738 scribat,
1171 2669 1201 2719 et
1215 2678 1251 2718 en
1263 2677 1320 2717 no·

240 2772 303 2823 ster
322 2774 375 2825 ent
396 2759 472 2827 tint
491 2786 552 2827 non
579 2769 715 2829 eesfimet
745 2748 868 2848 eiusque
889 2762 1039 2825 iuventuti
1051 2754 1248 2821 condonanda
1261 2775 1318 2836 pn-

240 2870 303 2923 tete
334 2862 584 2945 iustissimus,
606 2878 637 2927 et
657 2864 689 2927 id
710 2866 859 2927 micinae
877 2860 1021 2946 nuptui
1046 2858 1173 2921 tornare
1194 2844 1319 2931 sinuat,

241 2958 353 3043 dequo
375 2962 407 3022 in
430 2962 517 3025 Notis
540 2984 595 3025 sno
620 2963 687 3026 loco
709 2964 890 3025 videbimus.

323 3060 389 3121 Iam
403 3058 441 3121 de
456 3060 647 3140 excellentie,
668 3062 781 3141 finan,
801 3061 949 3144 elegantia
978 3071 1010 3121 et
1028 3055 1212 3121 ornamentis
1224 3052 1319 3113 histo·

242 3159 305 3219 rinc
319 3157 409 3219 huius
423 3159 497 3239 quid
522 3180 577 3241 ego
600 3162 671 3221 setis
686 3160 812 3243 dignum
824 3162 1082 3221 commemoremi
1119 3155 1201 3216 Inter
1214 3172 1319 3213 recen-

240 3256 332 3315 tiores
346 3254 468 3336 quidem
481 3278 584 3319 rerum
598 3259 804 3337 Graeonmm,
825 3280 879 3321 seu
892 3258 1126 3342 Byzantinnrum
1145 3254 1317 3334 scriptores,

240 3365 276 3413 ut
285 3364 355 3414 sunt
366 3356 511 3435 Zonaras,
531 3354 672 3438 Nicetes,
707 3358 885 3437 Cedrenus‚
913 3356 1029 3437 etalii,
1055 3374 1123 3415 meo
1145 3349 1268 3434 quidem
1288 3358 1320 3408 et

240 3451 440 3535 quorumdam
453 3452 530 3515 bene
542 3452 744 3517 litteratorum
758 3458 870 3519 indicio
881 3456 931 3517 hic
945 3458 1058 3539 primes
1068 3460 1168 3513 terret:
1182 3447 1318 3509 videtur·

240 3572 300 3634 que
320 3550 401 3613 solus
423 3550 580 3633 didicisse,
601 3576 662 3639 quo
681 3568 769 3639 pecto
782 3557 823 3618 sd
838 3556 960 3620 leudem
981 3549 1204 3615 accommodate
1215 3557 1318 3607 conte·

239 3649 335 3711 rende
344 3654 382 3711 sit
391 3650 526 3713 historie.
550 3638 1318 3737 Mira,nova,inaudtn‚inusitata'‚occuttommnei

239 3748 420 3811 iudiciorum
434 3750 535 3833 plena,
546 3755 683 3835 grandia,
698 3756 828 3818 illustria
838 3754 934 3816 multe
943 3752 994 3813 hic
1004 3758 1207 3813 recensentur·
1228 3744 1318 3820 Εῒςθῑ

240 3846 365 3911 historia
375 3848 464 3912 debet
477 3872 539 3913 esse
548 3854 693 3937 prudens,
706 3868 797 3939 atque
805 3866 912 3916 ornata
920 3872 1024 3915 rerum
1032 3847 1317 3931 explicationem

239 3948 335 4010 virtus
349 3948 381 4008 in
395 3948 452 4012 hac
466 3950 670 4016 desideretur:
692 3976 770 4037 quse
784 3954 859 4017 mihi
876 3973 994 4035 semper
1007 3972 1027 4011 a
1036 3950 1105 4012 viro
1117 3942 1315 4015 nobilissimos

240 4055 270 4105 et
280 4047 399 4129 ingenio
416 4050 659 4115 excellentissimo
673 4056 911 4137 suavissimoque
918 4046 1226 4132 vistestprnlluxisse·
1241 4038 1316 4099 Pru·

240 4142 340 4209 dentis
354 4147 491 4213 militaris
504 4162 596 4236 etque
608 4152 705 4219 civilis
713 4164 778 4216 tem
787 4155 895 4216 eximie
904 4152 955 4215 hic
965 4149 1074 4233 elucet,
1103 4157 1138 4207 ut
1146 4144 1314 4218 civitatem,
