3025 4900
477 357 783 422 HISTORIARUM
811 357 840 420 1.
869 345 900 418 9.
1051 383 1060 391 ·
1095 363 1099 368 ’
1179 325 1236 439 47

141 511 248 579 ἔπειτα
278 515 473 600 προσάπτει,
503 517 538 584 τό
567 521 596 584 δ’
619 515 786 604 εἴρξαντας
816 523 972 607 φρουρεῖν
996 513 1079 600 μετὰ
1098 515 1156 582 τού
1186 514 1238 579 σιέ-
1248 519 1317 578 Α.0.
1327 519 1398 576 1³20

142 615 243 699 σχρσύ
264 615 323 680 καί
344 615 419 694 τούς
438 619 593 700 ἐσχάτους
612 617 780 684 ὑποπτεύει
802 619 977 696 κινδύνους,
1004 618 1061 682 κατ’
1079 615 1240 691 λυσιτελές

143 712 210 797 ἅμα
233 718 290 783 καί
310 720 436 784 δίκαιον
462 715 544 784 εἶναι
564 721 696 804 νομιζω,
727 725 791 787 τῶν
812 721 975 804 προτέρων
997 717 1170 801 ἐχομένους
1183 720 1240 780 λο-

140 820 275 900 γισμοῖν,
299 817 354 884 τόν
375 818 529 905 ἡμέτερον
544 821 687 902 βασιλέα
704 821 873 902 διασώζειν
895 819 1114 903 ἀμυνομένους
1138 815 1177 883 ἀν
1192 833 1269 898 sccii

124 919 227 1005 δέπέῃ.
251 918 323 982 ἀλλ’
344 920 438 1007 ἐρεῖς,
461 923 506 986 Τι’
525 915 597 1010 σύν;
629 921 667 988 ἀν
686 924 898 1009 έπιστρατεύῃ
922 919 1074 1004 βασιλεὺς
1092 918 1180 1004 ἡμῖν,
1203 920 1240 986 ού

140 1020 337 1102 μαχούμεθα
356 1020 453 1108 αύτῷ,
475 1023 542 1088 οὐδ’
558 1025 798 1110 ἀποκτενοῦμεν,
820 1021 859 1088 ἀν
875 1021 956 1089 ούτω
972 1021 1135 1106 συμβαίη,
1158 1021 1240 1086 Μό-

141 1125 235 1184 λιστα
256 1123 317 1203 μὲν
340 1116 395 1187 σύν
418 1107 628 1206 ἀμυνούμεθα
649 1126 735 1212 πόσῃ
760 1125 906 1208 δυνάμει,
929 1124 999 1190 ἀλλ’
1014 1121 1052 1186 ού
1071 1121 1126 1187 τόν
1144 1121 1241 1188 αύτόν

141 1217 210 1300 ἔχει
230 1221 277 1300 τό,
296 1245 332 1287 τε
352 1225 526 1308 κατάρχειν
553 1227 609 1291 καὶ
626 1223 661 1291 τό
685 1224 876 1309 ἀμύνασθαί
891 1248 974 1308 τινα,
998 1223 1099 1307 λόγον.
1119 1225 1165 1309 τῷ
1181 1225 1241 1305 μέν

140 1321 203 1406 γὰρ
217 1321 300 1408 πρός
316 1325 363 1412 τρῖ
377 1325 508 1412 αι’σχρρῖ
522 1327 673 1411 πρόσεστι
693 1325 750 1391 καί
764 1324 800 1391 τό
818 1325 951 1408 ἀδικεῖν,
970 1323 1006 1390 τό
1016 1328 1045 1390 δ’
1057 1323 1242 1406 ἀμύνασθαι

108 1421 225 1507 1οπρός
245 1427 293 1512 τῷ
306 1427 418 1512 δικαέῳ
438 1425 561 1510 ταύτὴν
578 1426 641 1492 ἀπὸ
662 1431 726 1492 τῶν
738 1425 841 1512 ἔργων
857 1421 1003 1490 εὔκλειαν
1023 1423 1103 1507 ἔχει.
1127 1419 1165 1488 ἀν
1179 1420 1241 1508 γάρ

141 1528 256 1611 συμβῇ
275 1525 331 1590 τόν
350 1529 614 1613 προκατάρχοντα
637 1531 756 1592 παθεῖν
776 1530 892 1607 κακαῖς,
924 1525 962 1590 ού
983 1529 1032 1613 τῷ
1054 1522 1240 1609 ἀμυνομένῳ

141 1621 198 1706 τὴν
217 1622 378 1706 ἀπόβασιν
402 1623 483 1690 ἀλλά
503 1628 549 1714 τῷ
563 1626 683 1692 ἐπιόντι
701 1628 888 1712 λογίζεσθαι
903 1628 967 1692 τοῖν
985 1623 1087 1711 ἔργων
1106 1624 1240 1720 δίκαιον.
1344 1643 1347 1652 ·

142 1721 220 1806 ἡμῖν
242 1725 302 1806 μέν
324 1719 379 1790 σύν
400 1725 451 1790 ἀπ’
475 1724 642 1812 ἀμφότερα
664 1728 865 1812 γυμνόζουσι
886 1723 941 1792 τόν
968 1726 1059 1811 λόγον
1079 1719 1242 1808 ἑκατέροις

144 1821 270 1908 εἴρηται
281 1825 394 1890 πολλά.
413 1829 546 1907 βασιλεῖ
559 1827 737 1892 δέ·πάντων
752 1828 944 1916 ἀκροωμένῳ
959 1828 1085 1905 ἐξέσται
1105 1823 1159 1890 τόν
1177 1826 1253 1889 τοῖνμ
1344 1843 1352 1852 ’

111 1921 263 1988 λόἀλιέων
276 1925 396 2010 τρόπον
411 1928 466 2007 τῆς
478 1926 617 2012 σαγήνης
630 1925 734 1992 πολλὰ
750 1929 964 2016 περισχούσης
978 1925 1018 1994 τά
1026 1925 1173 2010 χρήσιμα
1185 1926 1271 1998 isso

144 2025 316 2112 λεξιιμένιρ,
340 2029 403 2092 τῶν
422 2026 590 2111 ἀχρήστων
613 2027 853 2109 ἀπσσχέσθιιι.”
883 2031 938 2095 ἐπὶ
960 2028 1082 2103 τούτοις
1102 2026 1157 2092 κατ’
1178 2023 1240 2089 τούν

146 2119 250 2189 ἀλλων
269 2131 475 2209 συνθεμένων
496 2127 552 2193 καί
570 2126 627 2210 τὴν
649 2129 811 2212 διάκρισιν
830 2131 894 2194 τῶν
913 2129 1017 2215 λόγων
1034 2126 1241 2209 ἀναθεμένων

144 2224 190 2310 τῷ
211 2227 350 2307 βασιλεῖ,
371 2221 440 2291 εἶπε
462 2231 518 2292 καί
538 2227 632 2305 αύτύς
653 2231 796 2293 τοιαῦτα·

227 2325 251 2390 ι’.
263 2329 362 2412 ,Τοῖς
372 2329 448 2412 περύ
453 2329 601 2412 μεγόλων
612 2329 808 2415 πραγμύτων
813 2325 1060 2410 βουλευομένοις
1070 2324 1242 2408 ἀναγκαῖον
1251 2339 1282 2394 V.
1292 2341 1327 2394 27

114 2416 227 2489 turicas
246 2428 368 2510 νομίζω
383 2431 439 2495 κατ’
454 2435 583 2509 πολλοῖς
607 2424 689 2496 εἶναι
706 2428 761 2496 τόν
785 2428 935 2515 ἀριθμόν.
957 2424 1007 2505 διδ
1019 2427 1076 2493 καί
1084 2423 1273 2509 Ῥωμσῖσιῦ

147 2514 367 2612 suffitum
386 2530 421 2595 τύ
446 2516 594 2613 π’πλαιόν,
617 2532 673 2597 καί
695 2528 985 2617 δημοκρατούμενοι
1009 2530 1066 2594 καί
1080 2528 1144 2593 τῶν
1167 2523 1243 2609 ἀρέ-

148 2648 227 2689 στων
240 2626 415 2718 ἀρχόντων,
435 2632 470 2695 ἐκ
490 2632 644 2697 πλειόνων
660 2629 718 2709 τάς
730 2629 852 2712 βουλὰς
867 2630 1088 2713 συνεκρότουν,
1107 2627 1164 2689 τού
1180 2646 1242 2686 κα·

215 2774 240 2827 1.
259 2769 411 2847 προσόψει
428 2780 490 2834 ΕΙ).
509 2786 538 2835 P.
612 2780 655 2837 15.
673 2782 765 2835 bisttb.
785 2799 808 2833 o.
829 2780 872 2835 13.
891 2778 952 2834 ΕΙ).
970 2783 1000 2832 Ρ.

149 2904 341 2958 homicidarum
360 2915 448 2961 notum
473 2910 576 2973 inuret3
604 2911 632 2961 in
652 2926 786 2961 carcerem
807 2917 895 2961 sutem
921 2910 1108 2976 compingere,
1136 2912 1243 2973 praeter

148 2976 210 3027 iacti
236 2978 373 3029 ininmism
405 2982 483 3032 etism
511 2996 671 3033 summorum
699 2981 829 3032 maiorum
861 2981 1028 3045 suspicionis
1057 2977 1167 3044 pienum
1193 2982 1243 3041 est,

146 3062 261 3116 aequum
279 3054 307 3099 et
325 3048 392 3101 utils
412 3067 519 3119 censeo,
540 3055 566 3105 in
586 3054 700 3119 pristino
720 3050 841 3103 consilio
863 3066 1029 3117 permanere,
1051 3056 1078 3100 et
1096 3050 1243 3113 imperoto-

146 3134 200 3171 rem
225 3127 345 3171 nostrum
371 3123 521 3188 iuniorem,
548 3126 570 3175 si
598 3139 649 3192 qua
677 3125 717 3175 vis
742 3123 876 3185 extiterit,
899 3127 984 3173 tutum
1006 3126 1152 3188 praestare.
1192 3116 1243 3171 iiio

145 3196 173 3241 tu
196 3190 329 3254 obiiciss‚
355 3192 449 3255 Quid?
475 3198 496 3246 si
523 3196 616 3248 senior
642 3210 713 3245 orma
738 3193 819 3246 nobis
841 3192 973 3256 intulerit,
998 3208 1053 3243 non
1080 3198 1172 3241 contra
1190 3205 1243 3257 pu·

146 3262 303 3329 μελίῃσι,
330 3279 384 3317 uon
405 3280 475 3327 eum,
501 3269 524 3318 si
546 3282 605 3317 sors
631 3269 666 3319 ita
685 3268 761 3327 ierat,
788 3262 1005 3318 trucidabimur?
1031 3262 1144 3315 dissime
1161 3263 1241 3313 immo

147 3333 334 3402 pugnabimus,
364 3342 391 3386 st
409 3338 516 3404 quidcm
536 3338 629 3389 nervis
655 3338 798 3391 omnibus:
824 3352 919 3390 verum
938 3336 1014 3388 aliud
1035 3341 1075 3385 ost
1093 3348 1243 3398 praeoccu-

146 3418 209 3471 pare
234 3413 262 3455 et
280 3406 354 3458 aliud
379 3398 523 3461 resistere·'
553 3408 622 3461 iliud
648 3410 718 3461 euim
744 3414 931 3476 praeterquam
956 3406 1028 3473 quod
1048 3412 1136 3471 turpe,
1164 3406 1242 3455 etism

148 3476 290 3539 iniustum3
311 3477 363 3528 hoc
382 3486 410 3529 et
428 3480 576 3547 gloriosum
603 3488 629 3532 et
647 3482 934 3545 iustumnumerstor.
973 3476 1050 3540 Quod
1077 3478 1100 3527 si
1121 3476 1243 3527 domnum

148 3550 284 3614 acceperit
302 3548 517 3616 ρυίκσιενοιιὶι,
531 3566 617 3602 rerum
638 3553 736 3603 exitum
758 3567 813 3603 non
823 3550 972 3613 defensori,
991 3549 1038 3600 sod
1060 3549 1181 3599 invasori
1192 3546 1243 3599 do-

147 3616 219 3669 sebit
236 3620 398 3672 adscribere.
426 3620 602 3689 sonnoque
622 3625 705 3689 igitur
728 3630 846 3675 nostrum
866 3623 895 3673 in
915 3625 1171 3687 utramquepartem
1193 3635 1243 3669 ve-
1283 3643 1290 3651 -

147 3687 186 3739 lut
203 3694 407 3745 exercitationis
426 3710 505 3745 csusu
525 3695 589 3744 sutis
608 3694 707 3746 dicium
728 3702 777 3747 est.
813 3693 904 3746 Restat
922 3700 951 3743 ut
975 3694 1120 3757 imperator
1144 3690 1243 3743 auditis

147 3761 279 3825 crinibus,
298 3778 374 3815 more
393 3767 566 3832 piscatorum,
586 3767 661 3833 quasi
683 3782 697 3817 e
716 3780 816 3832 segona
835 3762 932 3815 multos
951 3763 1039 3829 pisces
1052 3760 1243 3825 concludente,

146 3832 221 3885 utilia
240 3832 356 3901 deliget,
378 3837 483 3889 inutilia
503 3836 618 3889 reiicist.
648 3836 704 3889 iioc
728 3840 814 3902 ipsum
834 3834 879 3887 ubi
900 3843 926 3887 et
937 3834 1038 3899 reliqui
1057 3834 1111 3885 duo
1131 3832 1243 3883 assensit

146 3902 290 4027 rnatum,
310 3912 338 3958 et
355 3908 577 3961 diiudicationorn
598 3910 801 3961 controversiae
825 3907 912 3960 eidem
931 3906 1098 3968 detulerunt,
1117 3904 1158 3954 sio
1175 3917 1243 3970 pro-

157 3982 213 4027 stua
233 3984 291 4029 est:

209 4046 252 4101 10.
271 4048 323 4112 Qui
336 4049 369 4101 do
379 4046 459 4099 rebus
469 4048 641 4109 pravioribus
653 4046 814 4111 deliberant,
825 4062 873 4099 eos
884 4048 961 4099 etism
973 4058 1111 4097 numerum
1121 4040 1243 4093 coniice-

147 4134 175 4171 re
186 4127 313 4186 oportere
326 4126 444 4171 autumo.
466 4118 538 4171 Unde
561 4119 624 4171 oiim
646 4117 759 4170 Romani
779 4126 805 4169 ot
816 4118 922 4181 (trucci,
942 4118 1045 4199 quiquo
1057 4112 1105 4165 sub
1116 4112 1242 4179 populari

145 4186 1243 4326 titftztbtttitiii'*§bittitiiibtitib:riit'iistttb‘tt

146 4330 241 4389 desum
251 4337 297 4389 iri.
315 4334 386 4399 Quin
401 4334 473 4387 otdo
486 4334 748 4403 veteribusquidorn,
768 4340 796 4386 et
806 4348 821 4385 ο
831 4339 922 4386 nostro
935 4328 1005 4383 ovili
1013 4328 1121 4395 sapiens
1129 4323 1242 4377 salutem
