3025 4900
472 363 759 432 fflsroataann
789 368 816 431 ι.
851 367 878 432 ι.
1188 338 1238 424 ι3

278 580 293 618 c

214 642 255 708 α’.
295 577 362 711 O
381 648 489 712 τοίνυν
508 647 659 729 βασιλεῦς
682 647 793 715 οὖτοσὶ
811 649 964 738 Μιχαὴλ,
993 652 1238 735 συμβασιλεύειν
1246 659 1274 717 Ρ.
1284 661 1321 716 10
1426 651 1430 656 ’

132 749 325 834 Ἀνδρονίκιρ
340 747 388 834 τρῖ
397 750 528 829 βασιλεῖ
537 749 593 814 καὶ
603 750 711 834 πατρί,
719 751 775 816 καί
787 754 907 828 παῖδας
918 753 1072 837 ἐσχηκός,
1088 754 1237 840 καθόπερ
1247 766 1306 822 v.9

135 850 274 928 εἰπόντες
296 849 455 938 ἔφθημεν,
478 844 618 935 ἄρρενας
640 849 697 913 tto
717 851 775 917 καί
794 851 985 939 θυγατέρας
994 854 1161 934 τοσαδτας,
1181 853 1239 941 τήν
1304 919 1308 927 ,

133 955 192 1036 μὲν
212 946 325 1040 ἑτέραν
345 951 409 1015 τῶν
431 946 621 1034 θυγατέρων
649 948 707 1034 τὴν
726 946 848 1019 ’Ἅνναν
880 953 985 1045 Θωμᾷ
1013 957 1061 1043 τῷ
1088 957 1237 1045 δεσπότῃ,

116 1059 182 1144 5τηῖ
200 1057 260 1122 τοῦ
275 1052 469 1139 Νικηφόρον
490 1049 548 1113 τοῦ
564 1034 719 1115 δεσπότου
734 1054 839 1138 παιδί,
864 1051 994 1141 ἄρχοντι
1008 1059 1065 1141 τῆς
1076 1056 1237 1143 Ἀκαρνα-

133 1157 203 1234 νίας
222 1152 304 1244 πρός
314 1155 420 1240 γόμον
437 1148 582 1227 ἐξέδωκε·
603 1147 660 1234 τὴν
673 1151 847 1240 Θεοδόραν
861 1157 895 1220 δὲ
907 1157 953 1243 τῷ
965 1158 1098 1240 βασιλεῖ
1106 1159 1237 1224 Μυσῶν

137 1256 403 1344 Σφεντισθλᾶβῳ·
425 1249 497 1327 τούς
519 1247 608 1328 οἱοός
630 1252 667 1318 δὲ
689 1251 796 1332 αὐτοῦ,
816 1253 872 1320 τόν
885 1255 1021 1338 βασιλέα
1033 1254 1237 1342 Ἀνδρόνικον

134 1357 192 1421 καί
211 1352 377 1438 Μανοοηλ
398 1349 453 1417 τόν
476 1350 637 1437 δεσπότην,
660 1353 751 1440 παρὰ
769 1355 818 1442 τρῖ
837 1356 1034 1441 βασιλεῖκαί
1045 1355 1163 1443 πόπτιῳ
1177 1355 1236 1421 αό-

138 1460 200 1525 τῶν
223 1456 320 1544 ἀφείς
345 1454 522 1538 ἇνόγεσθαι
541 1455 727 1535 βασιλικαῖς,
753 1454 847 1535 αὐτός
871 1454 1057 1542 ἐπεραιώθη
1078 1454 1160 1542 πρός
1179 1457 1235 1539 ἕω,

97 1563 201 1632 Ῑθτοῖς
218 1554 372 1642 ὖπηκόοις
388 1555 490 1620 ἐκεῖσε
505 1557 546 1640 τῇ
564 1557 715 1647 βασιλείηι
730 1555 900 1641 Ῥωμαίων
914 1555 970 1643 την
988 1554 1124 1643 δυνατήν
1137 1556 1237 1623 εἰσοί-

136 1684 201 1726 coos
214 1659 386 1744 βοήθειαν,
408 1655 573 1735 πάσχουσι
591 1658 699 1733 κακῶς
719 1645 782 1722 iisd
804 1664 867 1725 ταῖν
885 1663 1039 1746 Περσῶν.
1071 1638 1177 1741 ὀλίγον
1201 1656 1271 1722 ddi.
1282 1666 1316 1722 11

135 1783 206 1824 τινα
225 1761 346 1846 χρόνον
370 1755 581 1840 ένδιοτρίψοις
601 1759 683 1836 ἐκεῖ,
717 1760 773 1825 καὶ
800 1757 882 1846 πρός
906 1759 963 1845 την
991 1756 1234 1827 Κωνστανιίνοο

133 1859 228 1925 πόλιν
247 1856 442 1934 ἐπανελθών,
465 1856 624 1940 πέμπεται
641 1858 732 1944 παρόι
752 1863 810 1925 τοῦ
832 1860 953 1947 πατρός
975 1859 1062 1949 αὐτῷ
1071 1860 1128 1926 καί
1137 1862 1234 1941 βαοι-
1271 1856 1276 1866 ’

133 1958 214 2038 λεάς
228 1964 270 2048 τῇ
285 1959 458 2042 Ἀδριανοῦ
479 1957 569 2024 πόλει
583 1957 804 2044 ἐνδιατρίβειν.
826 1963 882 2027 καὶ
898 1959 1061 2046 διέτριψεν
1074 1961 1141 2025 ἐκεῖ
1151 1957 1234 2045 χρό-

101 2075 190 2131 ibaar
213 2059 287 2126 τινὰ
310 2060 437 2143 συχνόν
463 2046 531 2125 εἶτα
553 2057 744 2146 τοῦπατρὸς
759 2061 855 2126 πόλιν
868 2059 1130 2147 προστεταχότος,
1153 2053 1235 2143 πρός
1306 2086 1311 2094 ’

136 2159 375 2245 Θεσσαλονόιην
396 2160 530 2246 α’πῆρεν.
563 2161 596 2225 έν
616 2158 737 2238 ιοότοις
760 2156 847 2238 όντος
869 2161 975 2238 αὐτοῦ,
997 2159 1110 2245 ἥκουσι
1130 2158 1236 2223 κακῶν

135 2255 364 2345 όγγελοιπρός
387 2259 491 2338 adria,
512 2258 569 2346 τὴν
587 2261 634 2347 τῷ
657 2263 793 2351 δεσπότῃ
815 2263 1028 2330 συνοικοῦσαν
1044 2259 1148 2350 Θωμᾷ
1169 2262 1256 2357 &vg

133 2360 255 2445 γατέρα
279 2359 375 2425 αὐτοῦ
397 2359 537 2446 λέγοντες
557 2361 752 2448 τεθνηκέναι·
795 2364 851 2431 καὶ
877 2361 960 2447 μετὰ
985 2361 1101 2448 μικρόν
1132 2360 1254 2444 ἕτερον·

133 2463 197 2525 τῶν
220 2462 386 2547 προτέραν
405 2462 590 2551 βαρυτέρας
611 2470 760 2552 φέροντες
783 2466 930 2552 ἀγγελίας
957 2461 1012 2546 τόν
1038 2462 1109 2530 οἷόν
1139 2460 1237 2526 αὐτοῦ

103 2558 299 2644 εοΜανουῆλ
320 2562 476 2649 δεσπότην
496 2558 625 2651 ἔφασαν
642 2568 841 2653 τεθνηκέναι.
883 2564 945 2631 εἴτε
974 2564 1010 2630 δέ
1031 2564 1088 2629 καὶ
1111 2562 1237 2646 νόσημά

133 2682 165 2723 τι
178 2650 246 2724 ταῖν
258 2659 357 2739 όξέοον
368 2660 458 2728 ἔνδον
474 2664 641 2751 οίκοαροῦν
656 2664 702 2732 ἔτι
717 2664 808 2751 ἦτῆς
823 2665 967 2751 όθυμίας
978 2663 1130 2751 innatos
1142 2662 1233 2751 φλὸξ,

136 2756 196 2823 εἴτε
209 2760 266 2826 καί
281 2759 359 2847 αότὴ
374 2768 451 2829 καθ’
464 2762 561 2849 αὖτην
572 2764 594 2850 ἦ
607 2765 744 2853 ἀμετρία
756 2768 814 2851 τῆς
826 2765 925 2852 λόπης
944 2762 1061 2853 ἤρκεσε
1076 2766 1157 2852 πρὸς
1171 2766 1264 2835 θό-Β

134 2881 228 2925 νατον
250 2858 355 2951 αι’πζδ,
384 2862 465 2946 μετὰ
486 2864 602 2951 όγδόην
622 2864 747 2951 ἡμέραν
766 2869 824 2950 τῆς
846 2866 993 2955 ἀγγελίας
1012 2870 1069 2953 τῆς
1088 2870 1236 2954 τελευτῆς

205 3050 249 3106 13.
271 3046 356 3122 oriani.
376 3048 467 3109 αότοό
482 3063 509 3123 et
526 3058 564 3111 ita
581 3058 691 3125 saepius
710 3056 791 3110 inire.
810 3056 869 3111 ΕΙ).
889 3056 919 3110 P.
951 3059 1000 3107 ast
1017 3063 1078 3124 post
1096 3050 1175 3122 αδιηῖ
1190 3054 1234 3110 Gr.
1321 3116 1327 3128 ⁴

204 3222 230 3276 1.
248 3175 391 3275 Michael
404 3224 557 3291 imperator,
567 3225 682 3277 senioris
690 3224 840 3278 Andronici
851 3232 877 3278 ct
886 3225 970 3292 patris
980 3225 1008 3277 in
1019 3225 1134 3293 imperio
1143 3227 1234 3279 socius

134 3302 160 3347 et
178 3295 304 3362 collega,
324 3308 383 3346 cnm
402 3303 572 3363 generasset,
591 3298 671 3348 sicuti
692 3304 769 3349 antea
789 3298 1044 3361 demonstravimus,
1064 3296 1135 3349 ilios
1153 3298 1233 3365 dnos,

133 3366 201 3419 ilias
220 3368 283 3419 item
305 3364 387 3430 duas,
411 3367 514 3419 Annam
542 3368 650 3436 quidem
676 3368 791 3421 filiarum
817 3370 926 3421 aiteram
953 3368 1070 3421 Thornia
1094 3370 1232 3438 despota,

132 3436 281 3505 Nicephori
301 3436 429 3505 despotae
448 3438 521 3504 fllio,
545 3440 665 3507 principi
683 3438 868 3504 Acarnaniae,
892 3441 921 3492 in
940 3441 1097 3509 coniugium
1114 3442 1233 3505 tradidit,

134 3508 300 3562 Theodoram
328 3516 414 3562 autem
443 3509 660 3577 Sphentisthiabo
687 3509 840 3563 Moesorum
866 3512 928 3581 regi
959 3510 1097 3564 connubio
1129 3514 1231 3565 iunxit:

132 3596 287 3649 puerosque
314 3580 406 3633 ambos
433 3580 618 3653 Andronicnrp
647 3584 837 3649 imperatorem
863 3589 892 3635 et
914 3582 1064 3636 bianuelern
1093 3584 1231 3651 despotsnr

132 3666 184 3704 aro
204 3652 290 3721 regali
311 3651 455 3719 disciplina
474 3654 629 3706 educandor
651 3656 835 3719 concredens,
860 3655 919 3721 ipae
943 3656 971 3707 in
990 3657 1119 3708 orientem
1143 3662 1232 3707 trans·

131 3726 218 3788 nisit,
243 3731 271 3774 nt
295 3724 341 3791 qui
367 3723 426 3776 illic
444 3724 471 3776 in
490 3722 667 3779 Romanorum
686 3726 791 3778 ditione
810 3732 887 3777 erant
906 3731 933 3778 et
950 3742 966 3777 a
983 3725 1073 3779 Parsis
1093 3726 1232 3779 vexaban-

130 3801 187 3859 tnr,
210 3797 247 3847 iis
272 3809 322 3861 pro
348 3796 429 3863 copia
447 3794 576 3849 auxilinm
595 3803 722 3863 portaret.
760 3796 811 3849 Ubi
836 3812 896 3849 corn
915 3813 969 3849 non
988 3800 1025 3850 ita
1043 3798 1090 3850 din
1110 3812 1232 3850 comnio-

132 3872 204 3919 ratns
229 3873 316 3930 met,
342 3864 594 3934 Constantinopolin
621 3870 742 3933 revenit,
770 3876 831 3921 eta
853 3875 929 3935 patre
947 3867 1146 3937 Adrianopoiin
1165 3872 1233 3921 mia·

131 3953 191 4003 ans,
213 3938 314 3991 diutins
332 3937 432 3991 ibidem
453 3945 563 3991 aetatem
583 3938 685 3991 babuit.
721 3939 764 3992 Ab
788 3939 883 3993 eodem
904 3942 993 3994 denno
1018 3942 1122 4005 iussos,
1147 3937 1232 3993 Thea·

130 4008 277 4061 talonicarn
298 4010 486 4077 proficiscitur,
507 4026 561 4079 qno
580 4009 623 4064 iiii
644 4012 732 4063 tristes
751 4012 838 4064 nnntii
851 4012 1007 4077 ederentur,
1025 4012 1232 4076 Annamdlianr,

147 4096 191 4131 nna
210 4078 310 4133 Thanna
329 4081 439 4148 despota
457 4084 643 4146 coniunctam,
669 4082 740 4135 incia
761 4098 865 4135 nanum
884 4084 1049 4148 reddidisse,
1073 4098 1160 4150 parvo
1185 4084 1230 4134 in·

125 4096 248 4216 'errabo
266 4152 314 4204 alii
333 4152 471 4220 prioribus
489 4156 567 4207 etiam
586 4154 734 4220 tristiores,
757 4153 909 4209 biennalern
935 4158 1071 4222 despotanr
1097 4155 1230 4207 iuniorem

130 4222 213 4275 filiani
236 4224 331 4277 rivere
350 4224 472 4278 desiisse.
509 4224 574 4277 Sira
600 4232 688 4277 antem
712 4226 834 4280 morbum
859 4228 1009 4297 qnempiam
1030 4227 1183 4278 intestinum
1203 4232 1231 4279 et

131 4302 236 4347 acntnns
256 4294 339 4347 dolor
348 4304 474 4363 acceptus
484 4296 570 4349 reiuti
588 4296 689 4350 damma
710 4314 867 4352 succensum
887 4299 1070 4367 exaggeravit,
1091 4298 1153 4349 sive
1170 4298 1230 4365 ipsa

131 4379 179 4433 per
194 4382 225 4420 se
246 4364 334 4419 lucina
345 4368 509 4421 immensitas
526 4374 626 4422 tantm
640 4370 739 4424 valuit:
761 4372 808 4425 die
818 4376 1030 4438 postacccptnnr
1040 4370 1074 4421 de
1084 4366 1229 4422 flliitnorte
