3025 4900
293 305 380 412 dno
692 323 978 396 Clustumi
1046 417 1056 427 N

146 490 351 573 ιαιὸαρκαι·
376 481 420 564 ule
446 479 617 568 ἐποιούμην
645 479 721 571 περὶ
742 480 890 548 πλειότου
916 478 962 567 μή
980 475 1075 564 μόνον
1091 479 1262 566 ereum
1283 481 1382 549 οδδὲν

269 590 343 663 Βεύς
362 580 457 652 αύτύν
476 584 555 649 ἰδεῖν
571 578 684 664 ἐλθόν,
705 580 785 646 ἄλλό
804 580 935 664 καὶτῆς
954 580 1059 665 ἀρχῆς
1071 588 1197 665 κρατεῖν
1217 583 1272 644 καί
1289 579 1378 667 παρά

293 687 373 751 πάσι
401 683 456 748 καί
486 679 714 763 θαυμάζεσθαι
737 681 793 744 καὶ
812 682 1028 760 ἐπαινεῖσθαι,
1050 677 1167 744 ούδάνα
1185 702 1242 760 μοι
1258 681 1381 761 μᾶλλον

291 774 367 868 ἢσὲ
386 778 491 862 οἴομαι
511 780 699 852 συνειδέναι.
739 776 795 843 καὶ
814 773 865 844 ύτε
892 779 953 863 γάρ
982 779 1041 842 τού
1066 775 1146 861 πρός
1166 777 1320 862 ἀλλήλους
1338 775 1381 842 ύ-

290 883 362 963 uois
389 880 528 962 μάλιστα
557 879 719 964 φυομένου
749 879 889 959 πολέμου
919 873 1155 959 ἐβουλευόμεθα
1181 875 1327 962 περὶτοῦ
1355 868 1398 964 ᾖ5

286 976 352 1065 χρὴ
372 973 427 1043 τόν
444 977 581 1057 πόλεμον
606 978 801 1056 διαθέσθαι,
829 978 893 1042 πυόν
918 969 1023 1040 ἄλλων
1049 973 1287 1060 παραινούντων
1308 977 1378 1060 εἷρ-

287 1101 371 1164 γειν,
393 1067 414 1160 ἢ
434 1079 490 1142 καί
509 1072 750 1156 ἀποκτιννύναι,
769 1077 826 1140 καί
844 1070 937 1164 ύλίγιμ
955 1069 1060 1163 χρόνῳ
1072 1075 1195 1140 πολλάν
1214 1068 1378 1138 άπαλλάτ-

289 1179 404 1243 τεσθαι
431 1173 642 1262 πραγμάτων,
672 1167 767 1240 οἶσθα
797 1171 898 1240 ύπύσα
926 1170 1142 1261 φιλάνθρωπα
1168 1172 1267 1249 αύτύς
1284 1197 1319 1268 τε
1340 1175 1378 1237 ἐ-

288 1275 455 1360 βουλεύσω
477 1273 550 1360 περὶ
561 1267 674 1356 αύτού,
693 1270 780 1357 κύγοό
800 1281 949 1339 συνεῖπον
962 1274 1136 1358 προθύμως
1155 1274 1211 1338 καί
1226 1269 1262 1337 τό
1278 1274 1376 1357 μέρος
1432 1285 1436 1294 ’

289 1371 615 1460 συγκατειργασάμην.
655 1370 711 1438 κατ’
729 1369 837 1458 ἐπειδὴ
858 1371 938 1458 πρός
967 1368 1025 1436 τόν
1044 1367 1180 1452 πόλεμον
1199 1370 1419 1441 καταοτάν-το

290 1499 340 1552 τες
356 1470 597 1558 περιεγενόμεθα
619 1465 723 1536 αύτού
742 1475 798 1537 κατ’
816 1467 902 1546 ἅπαξ
929 1472 985 1536 stus*
1004 1473 1072 1553 δι’ς,
1094 1465 1190 1536 οἶσθα
1209 1466 1284 1556 όσην
1304 1472 1379 1535 ἐπε-

292 1571 464 1654 δειξάμεθα
487 1568 562 1656 περὶ
580 1567 681 1635 αύτύν
701 1570 759 1635 καί
776 1567 835 1656 τὴν
861 1561 986 1635 εύνοιαν
1005 1572 1062 1634 κάτ’
1086 1565 1143 1653 τὴν
1163 1569 1244 1634 attat
1262 1570 1299 1632 ἐκ
1316 1572 1378 1651 μέ-

260 1685 356 1742 οσων
376 1667 610 1754 ἐξαρπάσαντος
636 1670 700 1736 τῶν
730 1668 892 1736 κινδύνων·
911 1668 968 1734 καὶ
986 1662 1024 1734 ού
1052 1667 1149 1751 μόνον
1162 1669 1198 1734 ἐν
1217 1661 1378 1758 άσφαλείρ

290 1767 555 1854 καταστήσαντες,
577 1762 657 1834 ἄλλά
676 1767 733 1834 καὶ
750 1765 808 1853 τὴν
826 1766 901 1854 πρὶν
919 1762 1142 1852 εύδαιμυνιαν,
1162 1761 1220 1834 όσα
1239 1791 1274 1852 γε
1292 1769 1377 1850 ἐξῆν,

292 1865 483 1958 φυλάξαντες
503 1868 611 1957 αὐτῷ,
631 1871 692 1935 τῶν
712 1861 816 1933 ἄλλων
835 1864 984 1934 ύπάντων
1002 1870 1237 1951 βουλευομένων
1260 1868 1417 1936 salvor-¹5

291 1968 344 2034 st'u
373 1970 429 2034 καί
453 1969 608 2050 δεομένων
635 1968 806 2034 πειθεσθαι
833 1961 949 2043 αύτοῑς.
1005 1963 1056 2031 διό
1084 1990 1126 2050 με
1156 1961 1232 2031 olet
1250 1964 1378 2032 οἴεσθαι

288 2065 354 2152 χρή
366 2090 437 2132 τινα
448 2064 603 2153 direxerat
625 2067 665 2151 τῇ
685 2062 765 2152 πρός
785 2065 882 2131 αύτὸν
901 2062 975 2142 τούς
994 2063 1106 2150 λόγους
1124 2069 1288 2131 ποιεῖσθαι
1304 2089 1379 2130 του-

290 2163 383 2232 τουσδ
392 2213 403 2246 ,
433 2156 514 2230 dati
541 2166 586 2251 τῷ
611 2167 702 2250 κοινῷ
730 2165 926 2249 προσέχοντα
946 2171 1109 2230 λυσιτελεῖ·
1129 2157 1234 2240 άλλως
1252 2169 1280 2231 τ’
1301 2157 1379 2229 eidi

291 2265 336 2352 τῷ
356 2262 492 2344 μάλιστα
513 2261 588 2336 τούς
606 2259 742 2348 τρόπους
766 2265 985 2351 συκοφαντικῷ
1007 2259 1155 2344 διαβολάς
1168 2265 1291 2342 ἐξέσται
1320 2259 1381 2348 ῥά-

291 2384 397 2442 πτειν,
418 2357 461 2436 οός
481 2361 608 2449 ἐμαυτῷ
637 2358 895 2448 περιποιούμενος
920 2359 980 2446 τὴν
1004 2364 1168 2444 βασιλείαν
1188 2358 1300 2426 κωλύω
1319 2363 1418 2426 τούτο

290 2458 336 2545 μὴ
357 2460 541 2543 ύγχειριζειν
561 2458 668 2549 ἐκείνῳ
700 2462 765 2525 ταῖν
784 2457 974 2545 πραγμάτων
992 2458 1048 2545 τὴν
1068 2456 1182 2546 ύρχήν.
1221 2458 1378 2545 πρότερόν

291 2581 325 2621 τε
344 2556 405 2644 γάρ
427 2561 514 2643 ἐξῆν,
536 2554 622 2643 εἴπερ
644 2554 838 2643 ἐβουλόμην,
866 2560 922 2623 κατ’
946 2561 1003 2623 νύν
1029 2557 1079 2625 ἔτι
1097 2568 1197 2624 κεῖται
1216 2562 1267 2625 ἐπ’
1287 2557 1379 2640 ἐμοὶ,

261 2660 358 2727 υσού
377 2654 595 2745 παρασχόντος
615 2650 654 2723 άν
670 2659 846 2745 προθύμως
865 2658 896 2723 εἰ
912 2657 1111 2744 βουληθεόγν
1132 2654 1208 2725 ὥστ’
1226 2651 1302 2723 oaldi
1319 2659 1379 2724 τού

360 2825 386 2880 9.
405 2810 542 2881 interpres
561 2808 731 2879 ἐβούλευσας
748 2826 877 2884 supereo
894 2808 1080 2868 disseruerim.

288 2944 447 3011 ardentius,
473 2964 553 3019 quam
576 2964 638 3001 eum
657 2946 750 3001 videre
766 2964 823 2999 non
845 2948 933 3000 solnm
953 2945 1158 2999 nihilimmane
1175 2945 1295 3017 perpeti,
1321 2940 1375 2994 sed

291 3018 374 3071 etiam
389 3026 482 3072 tenere
499 3020 644 3089 imperium
660 3034 774 3091 esseque
792 3018 823 3069 in
837 3035 884 3070 ore
901 3026 930 3071 et
943 3017 1123 3070 admiratione
1138 3018 1275 3079 omnium,
1291 3029 1374 3065 nemo

290 3089 388 3141 melius
409 3097 436 3139 te
457 3108 512 3141 uno
530 3092 606 3141 iuxta
622 3104 727 3139 meeum
746 3087 831 3138 novit
866 3086 933 3141 Num
949 3097 978 3139 et
995 3104 1056 3141 cum
1074 3090 1192 3139 maxime
1208 3086 1282 3138 bello
1299 3087 1377 3135 inter

290 3174 338 3211 vos
355 3167 466 3222 exorto,
492 3176 546 3229 quo
563 3166 643 3226 pactu
661 3156 731 3209 illud
745 3162 898 3224 gereretur,
923 3158 1039 3210 consilia
1060 3157 1283 3219 conferebamus,
1306 3153 1378 3205 hor-

290 3234 465 3297 tarenturque
483 3226 625 3289 nonnulli,
649 3234 680 3278 ut
695 3242 756 3276 enan
775 3242 881 3278 carcere
903 3227 1106 3289 clauderemus,
1131 3228 1278 3279 autetiam
1292 3241 1379 3275 neon·

290 3312 379 3350 manus
398 3308 426 3349 et
444 3298 519 3349 brevi
538 3306 659 3367 tempore
675 3296 769 3347 multis
786 3313 836 3349 nor
854 3298 988 3351 molestiis
1006 3300 1205 3359 eximeremus,
1224 3297 1276 3347 reis
1291 3288 1401 3365 quarn'

291 3366 377 3417 multa
400 3364 576 3420 humanitatis
595 3369 674 3436 plena
692 3373 721 3417 et
739 3367 798 3435 ipse
814 3382 896 3435 super
915 3384 948 3419 eo
962 3366 1135 3431 disserueris,
1159 3377 1189 3419 et
1201 3384 1250 3436 ego
1266 3366 1379 3433 tibique

290 3436 431 3503 perlibens
452 3439 612 3491 assenserim
632 3446 714 3506 teque
731 3452 780 3503 pro
803 3446 881 3502 parte
901 3454 1011 3507 quoque
1027 3436 1187 3495 adiuverim.
1231 3436 1307 3487 Bello
1323 3434 1380 3486 lla-

292 3515 399 3573 grante‚
417 3524 477 3561 cum
498 3508 583 3559 semel
597 3510 751 3575 iterumque
768 3507 939 3568 vicissemus,
956 3508 1104 3561 recordaris
1120 3514 1222 3577 quanta
1237 3508 1267 3558 in
1283 3508 1381 3574 ipsum

294 3575 438 3629 inclinatio
454 3586 536 3648 atque
552 3575 723 3631 observantia
746 3584 840 3627 nostra
854 3576 951 3630 luerit:
973 3578 1083 3649 quando
1101 3594 1117 3629 e
1136 3577 1234 3629 mediis
1250 3583 1382 3644 erepurm

291 3646 441 3714 periculis,
474 3664 529 3699 non
553 3656 643 3699 tutum
670 3644 750 3699 modo
776 3648 977 3714 praestitimus,
1012 3649 1190 3700 verumetiam
1219 3648 1382 3715 pristinam,

292 3723 422 3784 quantum
446 3717 538 3779 licuit,
573 3716 734 3769 felicitatem
761 3716 788 3768 ei
810 3718 1040 3781 conservavimus,
1062 3719 1160 3769 ceteris
1182 3716 1311 3769 omnibus
1331 3734 1382 3769 re·

292 3783 487 3851 clamantibus,
514 3794 541 3839 et
563 3793 594 3838 nt
614 3788 679 3857 ipsis
698 3786 728 3837 in
747 3790 910 3839 eontrarium
927 3787 1152 3858 obsequeremur,
1176 3785 1381 3856 flagitantibus.

294 3852 377 3923 Quod
397 3870 456 3905 eum
482 3856 520 3907 ita
542 3856 592 3920 sit,
616 3874 672 3909 non
688 3872 732 3908 nae
749 3856 814 3908 odio
833 3858 928 3927 aliquo
947 3858 1132 3920 stimulatum,
1155 3856 1206 3909 sed
1219 3871 1382 3909 communes

292 3923 426 3975 utilitates
441 3926 609 3989 intuentem,
633 3924 701 3979 haee
720 3926 796 3979 effari
817 3926 1029 3980 existimandum
1055 3935 1111 3989 est,
1135 3929 1297 3997 praesertim
1315 3941 1382 3977 curn

292 4008 344 4045 nec
358 3992 546 4047 callidissimus
562 3994 744 4050 calumniator
760 3996 814 4048 hoc
830 3998 860 4047 in
876 4014 919 4049 me
934 4014 1066 4050 consuere
1085 3998 1173 4066 possit
1190 3995 1380 4056 mendacium,

293 4060 357 4115 ideo
374 4078 416 4115 me
430 4062 578 4134 impedire,
600 4080 635 4117 ne
657 4068 684 4117 ei
699 4064 822 4119 tradatur
835 4068 995 4137 imperinm,
1023 4068 1088 4137 quia
1108 4066 1138 4119 id
1161 4066 1232 4119 milri
1253 4065 1382 4118 studeam

292 4132 443 4203 requirere,
488 4132 555 4185 Nam
577 4142 606 4187 et
622 4136 699 4206 prius
718 4139 799 4207 eopia
820 4146 896 4201 erat,
928 4139 953 4191 si
976 4137 1120 4202 libuisset3
1155 4145 1187 4189 et
1208 4134 1299 4189 adhuc
1319 4134 1380 4186 mei

292 4200 401 4259 arbitrii
429 4210 472 4261 cst
494 4220 617 4272 sumere,
647 4204 723 4277 quod
747 4212 779 4262 tu
805 4206 907 4279 cupide
934 4224 1042 4264 mesum
1063 4208 1314 4265 communicaturus
1336 4220 1379 4259 es-
