3025 4900
447 307 734 420 nrsrourlnuu
761 356 803 420 ιι.
821 362 876 431 20.
1113 325 1200 434 425

123 507 156 574 el
172 507 227 573 νῦν
246 506 376 572 τοιαῦτα
395 505 472 594 περί
497 509 652 590 βασιλέως
671 507 824 592 έγνιόκατε
842 507 955 592 δμεῖς,
975 502 1046 574 ἄλλ’
1065 509 1144 598 ἡμῖν
1163 509 1351 594 orimum

123 607 231 669 δίκαια
258 603 334 669 οῦδὲ
356 608 507 690 ,λυσιτελῆ
532 605 745 688 βουλεύεσθαι
773 608 908 690 δοκεῖτε,
935 600 994 673 κάν
1011 632 1045 673 τι
1063 609 1204 695 συμβαίη

120 705 185 768 τοῦν
206 702 369 786 ἀδοκήτων
375 752 385 784 ,
406 699 496 787 ἡμεῖς
516 701 576 784 ἔξω
597 703 750 772 κινδόνων
769 705 826 770 καί
842 705 1032 791 πραγμάτων
1049 709 1206 794 καταστη-

122 825 233 879 σαντες
259 797 393 878 ἒαυτοῦς
421 797 523 890 οἵσπερ
546 803 662 870 θεαταί
688 807 912 886 καθεδούμεθα
939 809 1004 872 τῶν
1021 808 1205 891 γινομένων.

100 889 181 986 5Ἀρ’
200 893 223 986 ἢ
243 897 321 986 πρός
340 899 398 984 τὴν
417 894 547 980 άξίωσιν
565 901 609 979 αἱς
630 903 668 967 οῦ
690 905 804 994 δικαίη·
816 902 1018 988 δυνησόμεθα
1038 905 1204 990 ἀντειπεῖν,

119 991 197 1084 ἢέν
225 996 331 1096 οῦδενί
354 997 522 1085 θησόμεθα
550 999 628 1078 τοῦς
647 1001 759 1086 λόγους
787 999 830 1081 οῦς
851 1003 991 1091 άκαίρως
1010 1005 1203 1090 εἰρημένουςς

117 1095 163 1182 μὴ
175 1095 247 1183 γάρ
270 1093 319 1164 ότι
347 1099 449 1184 πάσης
478 1101 538 1181 μὲν
557 1098 749 1186 προφάσεως
768 1103 913 1182 πολέμων
941 1106 977 1166 έκ
993 1104 1148 1186 βασιλέως
1167 1107 1203 1183 a}

117 1195 223 1281 ἀρχῆς
243 1195 459 1281 κεκινημένης,
487 1197 600 1286 ῥᾳδίου
622 1199 657 1262 δέ
688 1191 776 1274 όντος
796 1198 893 1284 φάσει
909 1200 989 1286 πρός
1007 1201 1229 1286 μεταβολάς,λλ

116 1297 175 1380 τῆς
192 1291 357 1377 Ῥωμαίων
378 1298 413 1362 δέ
441 1292 607 1382 ἡγεμονίας
633 1295 733 1362 πολλά
767 1308 834 1374 τοῖς
854 1299 1021 1385 ἐμφυλίοις
1045 1325 1203 1387 τετρυχω-

79 1399 216 1478 ιομένης
236 1395 403 1477 πολέμοις,
424 1394 572 1460 ἁπάντων
594 1396 629 1459 δὲ
642 1390 700 1459 οῦκ
712 1390 751 1460 άν
772 1395 918 1463 οἰσόντων
937 1386 1054 1486 ῥᾳδίως
1072 1396 1129 1484 τὴν
1145 1423 1203 1482 με·

115 1490 274 1577 ταβολὴν,
303 1493 372 1558 ἀλλ’
399 1495 430 1558 εἰ
451 1494 579 1560 πάντων
605 1497 665 1576 μὲν
685 1489 879 1582 ἀμφοτέροις
902 1497 1000 1582 μετῆν
1020 1500 1147 1582 έπίσης,
1166 1500 1202 1565 έν

114 1589 235 1676 μηδενὶ
253 1592 289 1656 δέ
317 1592 496 1677 διενήνοχεν
524 1589 634 1678 ἅτερος
657 1587 787 1679 ἑτέρου,
816 1591 883 1658 ἔδει
903 1596 939 1659 δέ
959 1598 995 1660 έκ
1014 1598 1077 1660 τῶν
1096 1596 1202 1682 ῦπαρ·
1280 1633 1284 1640 -

112 1689 238 1772 χόντων
257 1693 475 1772 σκεψαμένους
495 1687 549 1755 τόν
567 1691 763 1777 προσήκοντα
784 1685 914 1758 ἑλέσθαι
932 1698 1054 1775 μᾶλλον
1074 1686 1201 1777 άρχειν,

116 1782 155 1853 οῦ
177 1787 232 1854 σοί
258 1789 485 1877 προστίθεσθαι
504 1793 659 1877 προσῆκον
688 1789 792 1856 πάντα
811 1788 960 1858 ὁντινοῦν
980 1791 1018 1856 οὔ
1035 1789 1128 1874 μόνον
1146 1791 1199 1858 διά

74 1887 174 1971 ιδτην
202 1887 365 1976 πρᾳότητα
391 1885 448 1953 καί
460 1890 733 1973 μεγαλοψυχίαν,
764 1886 804 1975 ἢν
823 1891 910 1976 παρά
930 1889 1031 1958 πάντα
1052 1892 1201 1968 έπεδειξω

111 1982 172 2050 τόν
197 1989 258 2050 τοῦ
286 1988 426 2068 πολέμου
454 1985 588 2075 χρόνον,
626 1986 707 2054 άλλό
739 1987 795 2055 καί
819 1986 877 2074 την
893 1989 1054 2073 εὐψυχίαν
1073 1987 1128 2053 καί
1144 1987 1201 2073 την

109 2081 239 2166 τόλμαν
258 2082 317 2170 την
335 2087 371 2152 έν
381 2093 445 2162 τοῖς
465 2089 621 2170 πολέμοις,
641 2087 697 2154 καί
716 2085 751 2152 τό
772 2088 910 2170 μάλιστα
932 2090 1059 2153 δεῖσθαι
1076 2083 1203 2153 roi‘Pou¹

107 2185 220 2265 μαίων
239 2181 411 2268 πράγματα
432 2188 512 2266 νυνί,
534 2182 590 2250 οῦκ
609 2187 761 2272 ἐμπείρου
782 2187 838 2252 καί
858 2188 965 2253 δεινοῦ
983 2183 1081 2268 μόνον
1101 2192 1293 2272 oron-Vm

107 2284 211 2367 τηγοῦ
221 2332 233 2365 ,
263 2279 342 2345 άλλά
371 2284 427 2346 καί
453 2283 627 2348 σπουδαίου
655 2283 711 2346 καί
737 2281 777 2351 τά
804 2286 937 2366 πολέμια
966 2286 1174 2369 ἐξησκημένον
1185 2295 1225 2366 ,·C
1304 2367 1308 2373 ι

67 2381 188 2464 ποέμοί
206 2381 271 2463 μὲν
293 2372 349 2443 οῦν
368 2381 569 2462 πανταχόθεν
588 2379 777 2465 έξετάζοντι,
795 2377 928 2463 οῦδεμία
948 2405 997 2458 τις
1017 2380 1105 2448 αι’τία
1125 2381 1203 2471 φαί-

105 2502 198 2547 νεται
231 2478 374 2561 α’ρκοῦσα
401 2478 521 2543 πείθειν
549 2476 593 2553 οδς
618 2482 776 2556 λυσιτελὲς
802 2475 902 2546 αότὸν
938 2480 1116 2547 ἀποστάντα
1143 2486 1201 2565 τῆς

106 2575 219 2664 ἀρχῆς
241 2578 285 2663 τῷ
304 2574 418 2664 πάππῳ
438 2574 632 2663 ἐγχειρίζειν.
653 2576 702 2642 διδ
729 2579 785 2644 καί
802 2580 1059 2662 συμβεβούλευκα
1079 2578 1201 2666 προθεί-

103 2702 179 2761 μως
207 2677 268 2741 τοῦ
296 2678 381 2763 κοινῇ
407 2678 645 2755 λυσιτελοῦντος
671 2680 774 2743 ἕνεκα.
817 2681 854 2745 σὲ
872 2681 907 2744 δέ
928 2680 958 2744 εἰ
983 2677 1029 2762 μη“
1047 2676 1087 2741 τά
1114 2683 1201 2743 λελε-

104 2780 213 2864 γμένα
236 2778 359 2842 πείθειν
371 2772 473 2860 ἱκανά,
493 2773 595 2855 ἔξεστι
614 2774 669 2843 καί
678 2772 800 2866 ἑτέροις
820 2772 889 2862 άμα
909 2775 965 2842 καί
981 2778 1202 2863 συνετωτέρως

107 2982 312 3051 dicerentque,
339 2980 367 3033 Si
384 2979 463 3033 vobis
485 2998 516 3033 eu
533 2996 609 3034 mens
631 2988 673 3035 est
690 2978 724 3035 de
742 2980 918 3050 imperatore,
939 2977 1021 3032 nobis
1036 2985 1109 3031 certe
1126 2977 1199 3030 iuste

106 3055 280 3121 utiliterque
298 3052 438 3104 consulere
456 3068 512 3103 non
530 3052 679 3105 videmini:
708 3071 739 3105 οε
764 3055 788 3104 si
804 3040 873 3121 qnid
889 3059 997 3123 praeter
1013 3056 1200 3118 exspectatum

107 3122 281 3191 contigerit,
309 3139 358 3174 uos
377 3121 504 3191 periculis
523 3133 630 3175 nosmet
647 3122 856 3186 subtrahentes,
882 3130 914 3174 ut
933 3122 1016 3174 otiosi
1034 3125 1198 3189 spectatores

106 3191 319 3263 tragoediarum
338 3202 484 3245 vestrarum
502 3190 674 3260 serlebimus3
701 3210 767 3245 num
786 3209 877 3245 eorum
894 3194 1033 3263 postulato
1051 3199 1083 3244 ut
1100 3190 1198 3258 iniquo

106 3264 253 3319 advorsari
280 3270 328 3315 sut
352 3280 445 3315 eorum
471 3262 553 3315 verbu
579 3272 610 3316 ut
631 3264 821 3333 intempestivo
844 3261 1015 3332 vilipendere
1037 3256 1199 3332 possemus?

105 3334 173 3388 Non
192 3333 286 3387 solum
304 3334 392 3395 enim,
414 3334 488 3403 quod
507 3335 628 3386 omnium
645 3335 780 3389 bellorum
799 3336 904 3386 ooossio
922 3332 957 3385 ab
978 3350 1011 3385 eo
1035 3330 1152 3383 mensrit
1170 3335 1200 3381 et

105 3414 211 3457 notura
243 3404 279 3455 sit
301 3404 466 3455 inconstanti
488 3420 519 3455 ec
544 3405 689 3467 mutabili,
718 3405 916 3473 imperiumque
941 3404 1090 3461 Romanum
1115 3399 1197 3452 bellis

104 3476 244 3531 civilibus
270 3474 421 3541 uimiopere
451 3478 592 3537 attritum,
625 3484 654 3527 et
682 3492 761 3527 nemo
786 3476 968 3527 mutationem
993 3489 1081 3542 nequo
1104 3473 1197 3524 enimn
1285 3480 1290 3491 '

104 3562 245 3617 passurus
264 3545 314 3607 sit;
341 3542 388 3595 sed
406 3545 429 3594 ri
447 3546 539 3597 omniu
557 3546 587 3596 in
610 3554 726 3615 utroque
744 3554 835 3598 essent
851 3544 993 3615 nequalia,
1021 3544 1144 3609 ultorque
1160 3539 1197 3594 sb

105 3618 202 3668 altero
234 3615 264 3664 in
292 3614 367 3664 nullo
394 3612 531 3676 differret,
569 3623 763 3685 oporteretque
789 3630 879 3667 rerum
912 3620 986 3667 statu
1017 3614 1198 3675 considerato,

104 3686 249 3755 aptiorem
268 3681 301 3733 sd
320 3681 506 3749 impersndum
526 3682 642 3751 eligere,
668 3702 724 3735 non
743 3694 815 3737 esset
831 3686 955 3737 iustitiae
974 3691 1197 3744 consentaneum,

103 3758 166 3809 tibi
186 3768 352 3823 quemquam
371 3754 517 3821 anteponi:
548 3770 604 3805 non
628 3753 664 3805 ob
683 3753 922 3809 mansuetudinem
940 3753 1079 3825 animique
1100 3752 1197 3805 sititu-

104 3827 210 3879 dinem
229 3823 332 3885 solum,
357 3838 426 3893 quoe
449 3831 507 3873 toto
531 3821 599 3877 betti
619 3831 742 3891 tompore
767 3827 798 3878 in
814 3833 843 3877 te
861 3826 1019 3891 eluxerunt;
1047 3822 1095 3876 sed
1112 3826 1197 3875 etism

102 3898 144 3949 ob
168 3890 362 3945 fortitudinem
386 3894 630 3963 strenuitatemque
647 3894 787 3960 bellicum
812 3903 841 3947 et
864 3896 1025 3963 praecipue,
1048 3891 1123 3965 quod
1142 3895 1197 3944 llo-

102 3981 195 4019 mann
217 3978 258 4012 res
276 3978 348 4013 nunc
367 3979 423 4014 non
441 3971 545 4015 tuntum
562 3964 651 4033 perito
673 3972 701 4017 et
720 3967 791 4028 seri,
819 3964 867 4017 sed
885 3974 914 4017 et
931 3965 1018 4033 probo
1043 3965 1127 4017 etiam
1147 3980 1197 4015 ex·

101 4036 286 4101 ercitutoque
315 4032 384 4083 duee
409 4030 534 4102 indiget?
578 4033 651 4087 Mihi
673 4034 767 4104 itsque
793 4035 886 4087 omnis
912 4034 1091 4105 perpendenti
1119 4034 1197 4085 nulls

102 4122 193 4159 causa
214 4102 279 4153 sutis
298 4101 397 4155 idonea
414 4101 537 4165 videtur,
564 4103 599 4156 ob
624 4122 704 4174 quam
723 4113 751 4157 te
778 4104 812 4155 sb
833 4107 948 4175 imperio
970 4120 1107 4158 removens
1123 4104 1196 4155 etin

100 4192 190 4229 nrum
210 4172 281 4225 illud
297 4174 451 4225 transieras.
495 4174 586 4239 Quare
611 4174 677 4227 boni
698 4177 848 4229 communis
870 4192 933 4246 ergo
955 4176 987 4227 id
1003 4176 1119 4229 fidenter
1136 4172 1195 4223 dis·

102 4244 231 4309 sundere
246 4260 304 4307 uon
320 4242 454 4305 dubitsvl·
497 4244 562 4305 'l’ihi
580 4244 688 4307 notun
707 4254 769 4315 est,
796 4247 820 4301 si
844 4262 916 4319 quse
936 4246 1015 4310 diri,
1040 4260 1097 4299 nou
1121 4241 1193 4300 sulli-
