3025 4900
272 375 326 428 20
658 365 971 430 oANuAcuznnl

110 527 322 602 Α.0.132οτο“ν
344 527 452 611 λαβών
474 529 529 610 τῆς
551 526 630 610 έμῆς
648 522 771 609 χειρὸς,
795 523 839 600 ὦς
860 520 899 588 dv
913 518 1067 609 πιστεύσῃ
1087 522 1167 607 πρὸς
1184 525 1297 609 λόγους
1315 549 1368 590 σοι

268 634 445 706 συνελθτϊν,
470 624 576 704 άλλως
594 625 656 711 γάρ
678 625 714 688 οὔ
738 623 933 712 θαρρήσειαν
956 620 1004 702 dv,
1029 627 1117 690 τοῦτ’
1138 623 1248 698 &nebim
1270 622 1367 711 οάτηῖ·

185 739 215 792 l'.
227 728 324 793 15ναί
341 727 563 794 συνελθόντων
585 723 675 808 ὁμοῖν
701 723 747 800 εἷς
770 726 806 790 ’ἑν
826 727 883 791 καί
909 723 1179 809 βουλευσαμένων
1203 722 1278 806 περί
1304 727 1368 786 τῶν

228 903 232 914 ¹
268 830 496 912 προκειμένων,
521 827 604 911 άπερ
625 823 664 889 άν
680 822 755 907 ὑμῖν
771 826 847 912 ιλάξη
862 827 1012 910 λυσιτελῆ
1024 825 1080 890 καί
1099 824 1259 910 ὠφέλιμα,
1281 827 1368 888 ταῦτ’

268 926 358 995 ἔσται
385 931 600 1002 συνδοκοῦντα
616 925 731 1008 αάμοί.
754 924 930 1008 πέπεισμαι
949 923 1012 1011 γάρ
1038 923 1188 1009 άπριβῶς,
1210 921 1262 1001 ὥς,
1283 923 1389 1007 εέμὴῡ

267 1151 319 1191 τοι
340 1130 397 1192 τοῦ
418 1127 519 1192 ιἰαλοῦ
539 1127 595 1191 sbi
614 1125 853 1200 λυσιτελοῦντος
879 1125 935 1191 κατ’
958 1125 1140 1211 ὠφελίμου,
1170 1124 1226 1187 καί
1248 1121 1370 1210 φρονή-

270 1253 353 1305 σεως
375 1227 591 1306 dialogistam
613 1223 668 1288 roi
688 1223 803 1306 πείρας
821 1227 1019 1310 πραγμάτων
1040 1226 1211 1289 πολιτικῶν
1232 1223 1287 1287 καί
1312 1225 1370 1307 τῆς

270 1329 346 1414 περὶ
366 1329 423 1411 ἐμὲ
444 1328 555 1414 φιλίας
578 1322 678 1408 ἄκρας
694 1324 756 1388 ’καί
776 1325 985 1411 συναφειάς.“
1005 1327 1124 1392 τούτων
1146 1324 1227 1390 οὕτω
1250 1321 1369 1410 ῥηθέν-

270 1430 345 1511 των,
370 1428 409 1494 τά
426 1429 605 1514 γράμματα
626 1423 744 1506 λαβών.
759 1425 794 1488 ἐκ
815 1425 976 1506 βασιλέως
998 1424 1016 1490 ά
1037 1427 1234 1511 Σοργιάννης
1253 1424 1409 1512 ἕχάρτιισ

271 1530 352 1614 πρὸς
378 1528 517 1618 Θράκην·
554 1527 635 1594 ἔνθα
656 1523 697 1610 dr}
717 1529 764 1613 τῷ
785 1525 912 1611 μεγάλῳ
936 1527 1162 1612 συγγενόμενος
1184 1528 1370 1615 δομοστάιῳ,

269 1633 326 1698 καί
347 1631 387 1694 τά
414 1653 448 1694 τε
472 1627 640 1711 συμβάντα
661 1627 824 1712 γνωρίσας
846 1627 951 1714 αὐτῷ,
980 1628 1036 1697 κατ’
1063 1625 1102 1690 τά
1129 1627 1187 1690 τοῦ
1210 1628 1371 1708 βασιλέως

239 1732 445 1819 Βγράμματα
468 1729 669 1815 ἐγχειρίσας,
697 1727 902 1810 ἐβουλεύοντο
924 1727 1000 1808 περί
1019 1729 1091 1802 τῶν,
1104 1727 1286 1811 παρόντων,
1316 1729 1373 1795 καὶ

272 1833 329 1898 δύο
351 1833 407 1896 καί
426 1831 532 1917 τρισίν
553 1831 669 1916 ἐφεξῆς
690 1825 838 1914 ἡμέραις.
867 1829 924 1894 παὶ
942 1829 1088 1911 ποικίλης
1108 1828 1164 1894 καί
1183 1831 1372 1906 πολυοιάοῦς

264 1935 326 2020 τῆς
339 1935 460 2016 βουλῆς
476 1930 660 2017 γενομένης,ι
677 1930 749 1994 ἐπεὶ
758 1929 834 2012 περὶ
848 1931 912 1992 τοῖν
928 1933 1085 2013 μεγιοτων
1103 1922 1142 2009 ἦν
1162 1924 1181 1991 ά
1200 1927 1293 2012 άγάν·
1316 1929 1409 1994 καίλῦ

270 2034 398 2096 πολλῶν
420 2029 583 2116 ῥηθέντων
603 2033 681 2114 παρ’
699 2029 901 2114 ἀμφοτέρων,
921 2028 992 2094 ἐπεὶ
1011 2027 1068 2091 κατ’
1081 2025 1265 2112 φρονήσεως
1278 2029 1371 2092 ἕνεκα

271 2133 328 2196 καί
348 2133 464 2217 πείρας
477 2131 694 2214 ,στρατηγικῆς
714 2136 781 2203 τοῖς
801 2128 943 2211 μάλιστα
964 2129 1103 2212 πράτοις
1122 2131 1185 2191 τῶν
1202 2125 1372 2212 Ῥωμαίων

271 2233 522 2315 συνημιλλοὸντο·
542 2229 630 2306 τέλος
650 2228 668 2294 ά
687 2235 788 2316 μέγας
809 2229 995 2311 άομέστικος
1017 2221 1221 2291 circumcide·

241 2336 262 2389 G
355 2333 392 2415 γ’.
416 2333 577 2417 ,Πολλῶν
592 2327 633 2394 dr>
647 2329 834 2414 ἠλλαξάμην
844 2329 1050 2415 πραγμάτων,
1064 2322 1092 2393 ω’
1100 2327 1245 2411 βέλτιστε
1257 2332 1371 2415 paloor,

185 2444 216 2497 v.
229 2426 291 2515 1Βῆ
309 2433 433 2514 μᾶλλον
448 2433 506 2497 καί
522 2430 619 2516 αὐτῆς
634 2435 691 2516 τῆς
706 2433 790 2516 ζωῆς
809 2429 868 2495 orire
883 2429 993 2516 ὀλίγου
1009 2431 1130 2515 μέρους
1146 2427 1237 2508 τινάς,
1253 2430 1298 2516 μὴ
1315 2429 1411 2516 sisso

268 2528 389 2617 βουλὴν
410 2530 487 2616 ἡμῖν
509 2533 584 2619 πορί
602 2532 798 2618 πραγμάτων
817 2536 1013 2617 προκεῖσθαι
1030 2533 1192 2614 τοιοάτων,
1213 2528 1287 2598 oi'or’
1308 2533 1372 2615 άμ-

270 2634 458 2717 φοτέρωθον
473 2634 559 2715 ἔχειν
574 2630 608 2697 τά
627 2632 826 2697 ἐπικίνδυνον
845 2632 900 2697 σάν
918 2632 1035 2718 ὀλίγον,
1053 2631 1141 2707 ὅπως
1158 2630 1196 2697 dr
1215 2633 1369 2718 άποβαίη.

271 2732 327 2797 ἐπὶ
345 2731 486 2819 μὲνγὰρ
506 2736 569 2797 τάν
595 2726 699 2797 ἄλλων
719 2733 919 2818 πραγμάτων
928 2732 1174 2815 βουλευομένοις
1190 2734 1372 2797 έστίσυνά-

271 2854 340 2917 γειν
359 2834 395 2898 έν
417 2834 591 2918 λογισμῶν,
623 2830 682 2917 ὥς,
717 2830 779 2899 cidi
798 2836 858 2917 μὲν
882 2831 1130 2917 ἀπαντησάντων
1137 2882 1147 2917 ,
1177 2833 1292 2916 σχήσοι
1312 2855 1372 2895 πα-

273 3004 413 3071 eplstolsm
440 3006 467 3057 ci
495 3004 609 3071 reddes,
648 3021 701 3074 quo
732 3007 787 3059 lide
815 3007 884 3058 lacta
910 3013 997 3059 tecum
1029 3005 1236 3073 congrediatur:
1265 3004 1371 3073 alioqui

272 3076 344 3127 enim
363 3076 474 3129 lortsrm
492 3091 546 3129 τωο
565 3076 685 3133 audebit.
722 3076 915 3145 Quaecumque
931 3084 1019 3130 autem
1040 3078 1118 3129 robis
1136 3092 1217 3143 super
1235 3078 1372 3144 praesenti

271 3154 339 3199 statu
361 3163 421 3199 meo
448 3146 661 3205 deliberantibus
685 3150 841 3201 conducere
866 3156 894 3199 et
913 3150 1040 3214 expedire
1061 3146 1233 3208 videbuntur,
1254 3164 1286 3201 cs
1304 3148 1372 3199 mibi
1411 3190 1416 3197 .

273 3232 382 3286 quoquc
400 3216 561 3285 ‚placebunt
608 3220 718 3271 Prorsus
747 3222 819 3272 enim
846 3221 881 3271 its
905 3221 1011 3283 sentio,
1035 3221 1088 3270 nisi
1114 3218 1196 3283 Deus,
1213 3220 1371 3287 modo‘quo

272 3290 333 3356 ipse
352 3292 439 3353 novit,
459 3288 592 3343 mentibus
619 3292 716 3343 restris
744 3290 890 3358 caliginem
920 3290 1056 3354 olluderit,
1076 3306 1135 3353 ros,
1161 3298 1191 3341 ut
1211 3289 1374 3357 intelligen-

274 3362 310 3412 tie
328 3360 476 3426 pollentes,
497 3362 536 3415 rei
564 3360 692 3428 publicae
711 3378 761 3413 usu
780 3362 917 3429 praeditos
934 3361 1057 3430 mihique
1077 3361 1200 3413 omnibus
1218 3364 1373 3415 necessitu-

274 3432 383 3485 dinibus
408 3432 655 3497 coniunctissimos,
680 3432 713 3484 ab
743 3448 777 3485 eo
802 3433 875 3501 quod
903 3432 1055 3498 honesturn,
1074 3432 1234 3501 lruqiiernm
1255 3440 1283 3485 et
1301 3447 1373 3484 eou-

274 3502 395 3556 ducibile
414 3509 463 3567 est,
482 3520 651 3573 nequaquam
671 3504 848 3557 discessuros.
892 3503 940 3556 llis
960 3507 1030 3556 inter
1048 3521 1077 3555 se
1096 3506 1187 3567 dictis,
1207 3504 1373 3573 Syrgisnues

274 3590 333 3625 cum
363 3574 461 3629 litteris
486 3576 513 3627 in
538 3574 678 3628 Thracium
704 3576 857 3639 discedens,
881 3592 927 3628 ess
954 3573 1141 3629 Cantaouseno
1170 3576 1267 3641 reddit,
1292 3584 1319 3627 et
1342 3578 1372 3627 in

274 3645 461 3700 collocutione
480 3662 550 3713 quae
569 3644 805 3716 Constantinopoli
820 3648 971 3701 acciderint
985 3649 1115 3701 enuntiet.
1145 3644 1271 3700 Triduum
1290 3648 1373 3699 dein-

274 3732 338 3783 ceps
359 3718 386 3769 in
407 3716 629 3771 consultationem
651 3721 817 3786 impendunt.
855 3716 921 3771 Cum
939 3720 1047 3772 diversa
1061 3726 1089 3773 et
1101 3718 1247 3771 multifaria
1266 3720 1293 3781 ip
1312 3736 1373 3770 me·

273 3789 345 3839 dium
367 3786 449 3841 sllata
470 3796 573 3853 cesent3
602 3791 635 3843 de
655 3794 767 3857 negotio
787 3791 889 3858 quippe
906 3793 934 3843 in
953 3793 1047 3859 primis
1065 3805 1162 3857 magno
1182 3789 1373 3854 laborabatur3

274 3865 301 3911 ot
322 3866 435 3928 uterque
456 3874 510 3910 uon
529 3874 616 3926 pauca
636 3862 761 3913 dixisset:
788 3864 930 3929 prudentis
956 3864 1027 3915 cuim
1047 3862 1135 3923 civili,
1156 3869 1185 3913 et
1202 3864 1372 3929 experientia

274 3931 383 3982 miliusrl
413 3946 473 3982 cum
501 3929 692 3985 laudatissimis
707 3932 864 4001 ‘quibusque
882 3934 1061 3987 llorusoorum
1085 3932 1236 3985 certabant:
1266 3934 1373 3985 taudem

274 4000 476 4054 Centscusenus
495 4002 535 4053 sic
553 4006 653 4071 coepit.

346 4074 372 4126 3.
391 4072 486 4125 llnltss
506 4089 558 4141 eqo
578 4091 630 4139 res,
650 4077 796 4129 amicorum
817 4077 927 4143 optime,
948 4074 991 4127 vel
1011 4076 1101 4141 potius
1121 4076 1207 4141 ipsius
1226 4076 1299 4127 vitae
1317 4090 1373 4127 uon

276 4147 399 4211 exiguam
413 4152 514 4211 partem
527 4154 712 4215 praeoptarem
725 4149 859 4211 emittere,
877 4162 956 4215 quern
976 4153 1006 4197 nt
1023 4154 1093 4198 esset
1104 4146 1137 4197 ad
1150 4162 1200 4199 uos
1219 4146 1308 4199 delete
1318 4147 1375 4198 bu-

276 4218 427 4271 iuscemodi
447 4216 621 4281 consultatio,
639 4217 696 4283 ubi,
715 4220 847 4271 utrumvis
866 4219 998 4281 evenerit,
1016 4219 1084 4271 citra
1102 4219 1205 4286 grande
1222 4218 1374 4285 periculum

276 4289 1375 4419 tlltl'titttltlnliltlitllblzslrtlttltlltl”lili

629 4402 637 4429 r
1022 4400 1031 4428 ν
1119 4397 1129 4424 t
1206 4391 1226 4425 ν·
1358 4389 1376 4403 “
