3025 4900
249 335 343 398 xxvl
673 323 906 424 munitm

248 515 311 566 tnn
331 501 491 588 praederis
504 485 696 566 'orationibus
722 513 846 584 totaque
874 500 1036 584 scriptione
1066 521 1098 564 se
1111 521 1255 581 mm,
1275 502 1331 566 d‘s·

248 616 407 667 monstrnt.
440 605 519 666 Sans
533 603 615 688 qnod
630 603 674 664 M.
690 600 810 664 Tullius
824 601 862 662 dc
881 601 1049 684 Pompeio,
1069 602 1151 664 idern
1164 619 1221 686 ego
1234 605 1331 664 veris·

248 707 323 766 sime
343 705 382 767 de
399 704 459 766 boc
477 707 567 783 viro,
593 705 697 787 paucis
724 702 912 779 immutatis,
931 721 1130 784 usurpavero.
1174 703 1335 786 ρυωιωη

248 805 402 878 consilio,
435 817 585 888 qnantum
606 799 740 863 dicendi
763 801 938 881 gravitate,
967 812 998 861 et
1028 803 1120 885 copia
1139 801 1268 874 vnket,
1297 801 1334 861 irs

247 914 310 988 qno
330 903 399 986 ipso
422 905 504 965 inest
519 901 674 988 quaedam
696 899 837 980 d1’gnitas
856 899 1082 982 imperatoria,
1110 919 1169 962 oos
1185 919 1231 962 es·
1248 899 1334 962 bisce

246 1001 340 1064 libris
364 1022 456 1088 saepe
474 998 676 1082 cognoscetis.
717 998 841 1081 Oppida
863 996 1039 1080 compium,
1065 1019 1143 1082 qune
1165 1001 1260 1060 ermis
1282 1021 1333 1061 re·

247 1101 412 1180 sistebant,
442 1104 505 1164 oris
526 1103 573 1164 sui
586 1097 726 1162 facundia
740 1097 879 1180 subegits
911 1107 947 1159 nt
968 1098 1050 1182 qnod
1077 1100 1195 1182 Cynens
1216 1098 1335 1181 legatus

247 1199 369 1284 Pyrrho
382 1201 578 1286 EpIroterum
592 1200 668 1282 regi,
689 1197 747 1258 hoc
765 1195 847 1258 idem
860 1215 956 1280 poene
970 1196 1146 1260 Andronico
1159 1200 1337 1283 imperatori

248 1299 473 1362 Cuutncuncnns
499 1299 599 1366 ferent.
638 1299 771 1359 Etcum
793 1287 929 1359 oratoris
946 1300 986 1359 sit
1006 1296 1165 1362 historiam
1187 1300 1334 1378 scribere,

247 1401 273 1462 si
287 1420 350 1483 que
362 1399 443 1480 elin,
461 1399 536 1461 hoec
550 1401 614 1460 sine
628 1397 833 1458 connoversin
846 1397 1000 1473 oratorie,
1019 1397 1078 1458 boc
1093 1409 1138 1460 est
1151 1399 1332 1481 prudenter,

246 1497 411 1582 disposite,
430 1499 559 1575 diserte,
578 1517 635 1557 nec
649 1497 808 1558 invenuste
821 1496 934 1578 scripta
953 1505 1007 1560 est.
1050 1495 1160 1559 Poetns
1174 1498 1335 1582 diligenter

247 1596 373 1680 degisse,
405 1597 573 1660 Homerum
594 1597 755 1678 praecipue
789 1606 820 1656 et
840 1592 1040 1676 Euripidem,
1083 1596 1220 1660 erebrim
1240 1599 1336 1659 exiis

245 1696 357 1780 prolati
382 1715 487 1758 versus
507 1695 627 1756 docent.
670 1692 834 1755 Secrarum
853 1691 1025 1755 litternnnn
1046 1695 1171 1758 mentis
1193 1717 1256 1758 non
1277 1717 1335 1778 pn·

246 1817 316 1858 rum
328 1795 500 1874 imbutum,
518 1805 565 1857 tot
586 1791 645 1855 loci
659 1795 796 1876 apposite
815 1791 933 1854 inducti
955 1804 1134 1875 argumento
1147 1806 1230 1856 sont.
1273 1795 1334 1856 Sed

245 1895 278 1956 id
292 1917 328 1957 ex
348 1893 514 1956 iibrisnliis
528 1892 591 1956 soie
613 1892 723 1955 clarius
739 1904 805 1972 est,
826 1912 903 1976 qnos
924 1912 1035 1975 nempe
1054 1904 1161 1955 contre
1174 1894 1335 1956 birbome-

244 2003 332 2056 tnnos
356 2005 387 2056 et
417 1993 545 2056 ludaeos
582 1993 687 2060 edidit.
728 1992 842 2054 Fertur
863 1994 986 2073 insuper
1007 1994 1041 2052 in
1061 1995 1197 2077 quinque
1214 1995 1335 2077 priores

130 2119 132 2124 ·
245 2095 413 2157 ethicorum
434 2091 606 2156 Aristotelis
628 2089 834 2176 Parapbrusin
855 2092 1077 2174 conscripsisse.
1117 2093 1201 2155 Haec
1215 2093 1255 2155 de
1269 2103 1336 2156 stu·

171 2191 172 2198 ’
245 2192 303 2256 diis
332 2206 363 2257 et
384 2192 493 2264 titteris
516 2195 592 2261 eius.
876 2253 886 2267 ,

326 2292 417 2374 Quod
438 2292 478 2356 nd
498 2313 598 2356 mores
618 2303 648 2354 et
662 2292 789 2355 virtutes
803 2293 930 2371 attinet,
950 2292 1110 2354 veritatem
1135 2292 1251 2355 amarit
1267 2336 1278 2372 ,
1297 2301 1335 2354 ut

245 2395 297 2479 qui
318 2394 466 2475 maxime,
496 2392 589 2477 idque
607 2393 696 2455 toties
718 2401 848 2455 tesntnr
876 2411 911 2453 nc
939 2391 1108 2473 profitettu.
1159 2391 1236 2455 Eius
1259 2411 1335 2476 pru·

141 2519 145 2539 ¹
245 2494 347 2557 dentin
362 2516 379 2556 e
393 2493 499 2572 dictis,
526 2494 714 2575 meximeque
728 2512 746 2553 e
759 2490 891 2553 consiliis
911 2492 1031 2575 egregie
1060 2512 1179 2576 semper
1214 2504 1247 2555 et
1266 2508 1335 2553 ¹me-

245 2594 392 2655 morande
411 2594 608 2677 perspicitur:
635 2590 733 2675 dignu
747 2591 903 2675 proiecto,
924 2592 974 2651 cui
1006 2589 1058 2651 vel
1077 2594 1176 2655 meins
1194 2594 1337 2654 commit-

244 2704 359 2755 teretur
374 2696 548 2777 imperium.
589 2690 803 2770 Fortitudinis,
824 2690 1093 2774 mngnnnimitstis,
1115 2714 1151 2754 uc
1172 2694 1336 2777 patientioe

246 2802 306 2873 est,
336 2794 418 2876 qnod
438 2814 588 2877 uuupram
610 2792 705 2855 fenne
725 2794 812 2855 ebest
833 2794 873 2855 sb
895 2796 1044 2871 exercitu,
1067 2813 1221 2877 manuque
1234 2814 1290 2855 sun
1303 2794 1336 2851 in

246 2892 363 2955 bostem
378 2902 492 2977 pugnat
506 2892 654 2955 viriliters
682 2914 739 2954 uec
753 2891 962 2976 voluptatibus
975 2890 1132 2975 indulget,
1152 2904 1184 2953 et
1201 2891 1337 2954 adversis

247 2992 365 3055 ossibus
379 3012 441 3054 non
469 2994 637 3075 frangiturs
660 2992 779 3053 iniuriis
793 2992 998 3074 (potissimum
1011 2991 1051 3051 nb
1065 2990 1272 3072 Apoonucbo,
1285 2989 1336 3049 oni

248 3102 408 3177 tantopere
428 3092 637 3171 beneseccrnt,
661 3091 761 3169 illatis)
776 3112 839 3152 non
860 3090 1048 3152 succumbite
1070 3101 1101 3151 et
1114 3089 1262 3151 invidiam
1283 3108 1336 3149 ne-

248 3212 309 3273 que
330 3202 431 3253 monte
454 3192 589 3255 sustinet.
648 3188 685 3250 In
706 3190 785 3251 bene
808 3190 847 3250 de
869 3210 902 3251 se
923 3199 1072 3251 merentes
1093 3210 1172 3250 unus
1195 3191 1334 3249 omnium

250 3290 455 3373 gratissimus:
477 3308 569 3373 quem
582 3288 726 3349 rimutom
746 3286 780 3348 in
800 3286 867 3349 niiis
882 3292 973 3350 etiam
987 3299 1087 3367 umet,
1109 3298 1140 3349 et
1161 3287 1231 3349 ideo
1250 3286 1336 3349 nullu

250 3388 469 3471 propemodum
484 3389 595 3471 pagins
608 3389 776 3471 potiorum
797 3388 964 3449 actionibus
978 3397 1075 3448 vocnt.
1128 3385 1180 3448 Ad
1193 3386 1335 3471 modern·

250 3488 376 3565 tionem,
398 3490 673 3571 continentiamque
687 3488 831 3569 pertinet,
858 3485 941 3569 quod
954 3488 1074 3569 imperii
1092 3486 1336 3546 communionem

251 3585 308 3647 sibi
322 3586 361 3647 nb
383 3584 559 3649 Andronico
573 3590 663 3649 etiam
677 3596 820 3669 quartum
841 3586 990 3664 delutum,
1020 3595 1147 3651 recuset.
1181 3584 1218 3644 In
1232 3584 1337 3645 omici-

251 3686 294 3747 tie
314 3684 440 3747 colenda
459 3689 735 3767 constantissimus,
760 3685 971 3748 Andronicum
991 3688 1140 3747 minorem
1162 3687 1335 3766 praecipue,

251 3796 282 3847 ct
305 3786 467 3847 Amurium
482 3786 607 3847 Persam
622 3786 725 3847 ioniae
738 3786 897 3868 Satroparn
934 3788 1000 3847 sire
1021 3784 1188 3867 prinoipem
1211 3782 1335 3857 dilexit,

252 3884 368 3969 fuitque
388 3888 521 3947 vicissim
547 3884 694 3947 ambobus
716 3908 807 3968 supra
829 3906 922 3968 quarn
944 3885 1003 3945 diei
1026 3893 1126 3965 potest
1157 3882 1267 3943 chorus
1305 3888 1336 3938 et

252 3986 412 4071 iucundus.
454 3984 566 4046 Dilexit
587 4006 658 4045 eum
680 3988 772 4046 enam
784 3984 978 4045 vehementer
992 4004 1010 4043 e
1024 3982 1199 4065 proceribus
1213 3976 1334 4039 Tribul-

253 4081 351 4145 iorum
376 4082 619 4167 opulentissimus
640 4084 764 4167 quidum
787 4086 934 4161 Liberus,
968 4094 1003 4144 ut
1023 4093 1068 4143 est
1087 4080 1140 4141 lib.
1154 4082 1183 4143 3.
1197 4100 1267 4162 cup.
1283 4076 1334 4156 42.

253 4182 482 4245 Beneficeutinrn
505 4206 539 4245 nc
561 4183 772 4247 liberalitatem
790 4183 884 4247 coluit
902 4181 1098 4257 mirabiliter,
1121 4190 1158 4241 et
1177 4182 1210 4239 in
1224 4178 1336 4241 exerci-
