3025 4900
481 281 765 347 ursnouuuuu
797 283 888 351 ue
1130 253 1214 358 343

136 441 193 504 καί
210 433 284 514 τούς
303 435 338 502 ἐν
356 435 440 500 τέλει
460 432 660 519 συναγαγών,
681 433 885 518 ἐβουλεύοντο
906 426 986 522 lists
1005 433 1074 499 δέοι
1099 443 1244 501 neseiat
1255 443 1284 498 c.
1295 447 1360 516 ¹³²⁹

136 532 240 603 ἐδόκει
276 531 315 618 δὴ
339 534 516 620 περαιτέρω
538 534 582 617 μὴ
609 535 808 618 προβαίνειν,
841 531 907 618 άμα
933 541 992 622 μέν
1019 537 1075 600 καί
1099 532 1152 599 διά
1177 532 1213 598 τὸ

133 633 210 710 τούς
240 631 379 714 νομάδας
410 635 543 716 Πέρσας
573 625 621 706 οἷς
647 629 782 719 ἐπῄεσαν
803 629 847 712 οδς
873 631 1215 722 ἐξανδραποδισάμενοι,

131 730 188 817 τὴν
210 729 326 816 ἔφοδον
354 729 561 811 αἰσθομένους
591 731 777 816 διαδράναι,
817 726 884 814 ἅμα
922 735 953 796 δ’
990 727 1059 812 δτι,
1094 732 1156 796 τοῖν
1177 755 1211 794 τε
1220 748 1305 806 mn

113 828 263 916 ὅχωρίων
289 827 457 912 δυσβάτων
480 829 535 890 καί
558 828 672 893 στενῶν
697 819 812 911 ὄντων,
850 833 892 896 δι’
917 824 962 898 ὧν
985 828 1114 913 ἔμελλον
1138 831 1216 894 διδέ-

134 951 198 1008 ναι,
221 925 276 992 καί
302 925 452 1012 στρατιάς
478 924 871 1014 δντιστρατοπεδευομένιγς
898 933 993 1014 πεζῆς
1021 953 1056 993 τε
1083 929 1138 993 καί
1162 925 1214 992 irr-
1272 971 1277 985 ,

133 1027 252 1110 πικῆς,
288 1016 345 1088 οὐκ
381 1015 548 1105 άναγκαϊον
586 1025 833 1092 διακινδυνεύειν
866 1027 920 1092 ἐπὶ
955 1029 1060 1114 κέρδει
1096 1021 1211 1091 οάδενί.

132 1125 185 1189 ἵνα
214 1123 251 1186 δέ
276 1121 321 1208 μὴ
354 1122 472 1212 δοκοῖεν
508 1121 554 1209 τῷ
589 1121 654 1187 δέει
687 1123 751 1187 τάν
785 1125 955 1212 βαρβάρων
986 1126 1214 1210 ἀναστρέφειν,

131 1221 178 1297 εἰς
204 1216 262 1306 τήν
289 1217 460 1304 ὑστεραίαν
495 1213 564 1300 άμα
600 1222 641 1308 ἓιρ
675 1218 906 1304 δπλισαμένους
933 1223 988 1289 ἐπί
1013 1227 1072 1288 τοῦ
1103 1223 1212 1288 πεδίου

91 1319 299 1391 ιακατέναντι
320 1318 383 1382 τῶν
404 1319 578 1404 βαρβάρων
603 1317 847 1403 παρατάξασθαι
875 1320 919 1398 oio,-
940 1323 985 1399 εἷς
1007 1321 1122 1407 μάχην.
1155 1317 1215 1387 κάν

130 1419 191 1500 μὲν
210 1414 301 1482 αδτοδ
316 1416 374 1501 τῆς
394 1417 578 1503 δυσχωρίας
594 1415 803 1502 άποστάντες,
827 1421 883 1486 ἐπί
897 1424 956 1485 τοῦ
977 1421 1103 1503 δμαλοδ
1119 1419 1215 1506 sistri-

131 1539 213 1580 oooos
234 1512 482 1597 διαγωνίσασθαι
499 1514 623 1596 αὐτοῖς,
653 1514 708 1580 καί
730 1517 824 1584 αὐτοὶ
844 1519 1059 1601 ἐπιδείξεσθαι
1084 1518 1141 1604 τὴν
1168 1523 1215 1585 ol-

131 1615 220 1678 κείαν
233 1609 354 1699 άρετήν·
391 1609 449 1678 ἐάν
473 1613 509 1678 δὲ
529 1609 574 1696 μή
607 1609 698 1679 edroi
724 1615 782 1699 τῆς
803 1617 982 1702 δυσχωρίας
1007 1617 1212 1705 ἀφιστῶνται,

131 1713 187 1796 τῆς
203 1712 249 1787 εἷς
270 1709 446 1790 Βυζάντιον
470 1708 603 1794 ἔχεσθαι
626 1709 784 1798 φερούσης
804 1719 1014 1798 τεταγμένως,
1046 1715 1126 1805 ἔργα
1149 1716 1212 1781 δεί-

91 1815 257 1891 ιὸξαντας,
276 1807 320 1885 οἷς
340 1803 377 1874 οὗ
394 1807 446 1876 διά
466 1807 603 1892 δειλίαν,
625 1809 705 1876 ἄλλά
724 1808 761 1876 τὸ
779 1809 824 1897 μὴ
846 1810 931 1897 ἔχειν
955 1809 1069 1880 οἷστισι
1085 1821 1238 1897 cnudo-B

131 1909 257 1989 λοῦσιν,
277 1901 445 1986 άνέζευξαν
467 1910 513 1984 εἰς
526 1904 584 1992 τήν
601 1908 711 1973 οἰκίαν.
740 1905 825 1974 οὕτω
842 1913 901 1992 μὲν
922 1908 960 1996 δὴ
976 1913 1132 1976 ἐδέδοκτο·
1160 1909 1216 1976 κατ’

130 1999 296 2090 ηὗλίσαντο
316 2003 375 2088 τὴν
398 2005 494 2070 νάκτα
513 2003 632 2090 ἐκείνην
652 2003 801 2072 κατάτδν
815 2007 1012 2090 Πελεκάνον,
1033 2005 1101 2090 ἅμα
1116 2012 1151 2075 δὲ
1171 2012 1212 2096 tp

128 2101 207 2187 μετά
230 2101 304 2179 roric
324 2103 475 2181 εἰωθότας
495 2099 613 2188 δμνους
639 2103 716 2190 πρὸς
739 2104 817 2171 θεὸν
844 2109 881 2195 τῇ
902 2107 1048 2192 σάλπιγγι
1073 2110 1212 2173 ἐκέλευεν

130 2199 311 2286 δβασιλεάς
325 2206 362 2292 τῇ
378 2206 510 2293 στρατιᾷ
529 2201 588 2290 τὴν
607 2201 773 2290 ἐφόπλισιν
788 2206 960 2292 σημαινειν.
981 2209 1052 2272 ἐπεί
1068 2207 1103 2272 δὲ
1115 2203 1214 2271 (δαλί-

85 2323 239 2382 ηοσαντο,
266 2304 431 2366 κατέναντι
454 2303 516 2366 τάν
534 2300 706 2388 βαρβάρων
730 2294 849 2385 ἦλθον,
878 2303 1213 2390 παρατεταγμένοιαῖς

128 2401 163 2475 ἐς
179 2398 303 2485 μάχην,
330 2392 352 2487 ᾖ
373 2401 519 2467 ἐδέδοκτο
537 2399 773 2491 τῇπροτεραίρ.
809 2397 970 2489 Ὀρχάνης
988 2405 1023 2471 δὲ
1042 2402 1098 2470 καδ
1118 2399 1213 2481 αὐτὸς

128 2495 208 2565 ἐδιδν
238 2496 291 2564 τὸν
320 2503 453 2583 βασιλέα
476 2496 625 2583 ἐπιόντα,
660 2500 906 2587 ἀντιπαρέταττε
940 2502 995 2569 καί
1026 2498 1124 2581 arisbe
1154 2502 1212 2587 τὴν

128 2593 285 2683 στρατιάν.
311 2600 366 2662 καί
385 2598 481 2683 μέρος
502 2599 563 2680 μέν
586 2623 619 2663 τι
639 2602 837 2686 κατέκρυψεν
854 2604 890 2666 ἐν
908 2598 1024 2685 λόχοις,
1045 2600 1092 2679 cic
1114 2592 1163 2682 άν,
1183 2602 1215 2665 sl

127 2692 157 2759 οἱ
180 2694 337 2776 Ῥωμαῖοι
360 2692 567 2781 δπιρσχδντες
591 2698 718 2762 ἐπιωσιν
742 2699 863 2781 αδτοῖς,
884 2696 913 2763 οἱ
931 2700 966 2763 ἐν
984 2709 1054 2773 ταῖς
1066 2698 1209 2783 ἐνέδραις

86 2792 172 2869 stis
181 2795 240 2869 τοῦ
259 2791 421 2879 αἰφνιδίου
439 2790 631 2886 ἐπελθόντες,
647 2794 825 2879 ἐκπλήξωσί
838 2818 871 2859 τε
889 2794 944 2860 διά
961 2792 996 2860 τὸ
1011 2795 1237 2882 dupondius-c

129 2952 171 2999 co,
192 2936 236 2989 cui
250 2936 382 2990 Pelecano
400 2954 501 2991 nomen
519 2944 568 3003 est,
585 2944 671 2991 costra
686 2936 766 3021 fecit3
786 2934 940 3008 coactisque
956 2936 1128 3018 primoribus,
1146 2939 1213 3021 quid

127 3007 199 3058 facto
218 3024 284 3075 opus
312 3011 465 3081 exquisivit.
502 3008 643 3061 Sententia
661 3008 728 3073 suu,
756 3024 814 3063 non
832 3022 889 3057 csse
908 3005 1020 3058 ulterius
1038 3008 1213 3077 progredien-

128 3077 209 3143 dum3
234 3086 290 3131 tum
308 3078 383 3148 quod
401 3080 496 3132 Persae
515 3075 657 3143 nomades,
679 3078 708 3133 in
727 3096 795 3149 qnos
814 3076 980 3139 tendebant,
1008 3076 1037 3129 in
1056 3078 1214 3129 servitutem

127 3146 285 3213 abreptnrl,
311 3148 339 3200 id
359 3150 508 3203 sentientes
526 3148 665 3217 ingerent:
698 3156 756 3199 tum
775 3148 839 3221 quia
862 3147 944 3208 locis,
969 3162 1020 3216 per
1038 3160 1107 3217 quse
1124 3154 1214 3199 essent

126 3218 281 3280 transituri,
307 3218 389 3271 iuriis
407 3227 435 3271 et
452 3220 572 3289 angustis
595 3216 771 3290 pedestrique
794 3225 823 3269 et
842 3217 962 3287 equestri
981 3216 1101 3269 excrcltu
1119 3225 1214 3269 contra

128 3304 285 3350 occursuro,
306 3305 362 3341 non
380 3288 525 3341 uidebatur
539 3290 721 3341 necessarium
734 3288 811 3339 nullo
829 3304 888 3339 cum
906 3288 994 3337 fructu
1010 3285 1086 3338 adire
1105 3288 1213 3357 perien-

127 3356 211 3441 ¹⁰¹¹l'.
228 3356 269 3441 lle
284 3365 375 3441 umen
394 3368 468 3411 metu
487 3358 663 3411 barbarorum
685 3358 790 3445 regredi
805 3363 983 3479 putarentur,
1002 3355 1136 3440 postridie
1155 3375 1211 3409 ma-

125 3434 216 3511 llum,
228 3442 255 3476 ur
275 3428 402 3495 planitie,
419 3429 496 3511 velut
514 3428 549 3479 nd
559 3446 682 3548 purpuram
701 3438 795 3513 coptra
831 3426 939 3480 arbaces
958 3434 1146 3511 consisterent,
1176 3428 1211 3479 Et

126 3513 151 3547 τι
169 3496 281 3567 quidem
298 3495 390 3549 hostes
408 3514 424 3550 e
444 3498 510 3549 tour
528 3515 557 3549 ει
579 3516 619 3549 αα
637 3499 757 3565 digressu,
778 3514 866 3567 aequo
884 3511 979 3565 campo
995 3512 1055 3547 cum
1072 3512 1137 3565 rpus
1153 3498 1212 3548 vel-

124 3566 186 3617 leut
201 3582 375 3628 concurrere,
397 3567 527 3619 virtutem
544 3582 619 3617 snam
638 3575 732 3620 eontra
751 3572 932 3619 ostentarent:
964 3566 1008 3615 siu
1027 3573 1131 3628 autem,
1158 3566 1212 3634 By·

125 3636 246 3689 znntium
264 3636 334 3687 vlam
350 3634 497 3687 ordinatim
513 3643 697 3702 capesserent:
715 3652 744 3687 re
764 3636 903 3697 docentes,
919 3650 975 3685 non
993 3634 1055 3705 quia
1075 3635 1212 3699 timerent,

125 3706 176 3791 ped
190 3707 254 3775 quin
275 3706 437 3775 quibuscum
452 3712 602 3824 pupnareut
615 3721 670 3757 non
684 3702 835 3770 habereut,
865 3705 975 3757 domum
992 3720 1118 3757 reversos.
1155 3706 1213 3758 lloe

124 3776 170 3828 alls
187 3774 365 3827 decreverunt
382 3780 410 3825 et
427 3789 480 3842 apu
519 3773 677 3827 Pelecenum
698 3780 899 3843 pernoctarunt.
934 3774 1109 3845 Posteaquam
1127 3775 1212 3844 pulsis

123 3844 248 3897 tenebris
262 3842 361 3895 diurna
379 3844 427 3894 lua
442 3842 556 3907 affulsit,
581 3844 784 3896 trudibusneo
806 3844 840 3897 dc
855 3860 930 3897 more
945 3842 1041 3907 dictls,
1065 3846 1214 3915 lmperator

124 3912 261 3966 militibus
280 3912 347 3963 tuba
367 3913 529 3983 signumad
551 3931 625 3966 arma
642 3914 774 3985 capienda
798 3911 858 3965 dari
877 3915 963 3965 iussit
1008 3916 1110 3967 Armati
1130 3916 1213 3984 igitur

124 3986 203 4037 iuxta
226 3978 384 4033 hesternum
407 3980 544 4035 decretum
563 3992 656 4037 eontra
683 3982 810 4035 barbaros
833 3984 863 4035 in
888 3984 959 4034 ncies
984 3984 1128 4055 dispositi,
1151 3994 1214 4037 tan·

125 4070 208 4124 quem
229 4048 262 4103 ad
282 4054 418 4121 proelium
437 4054 632 4107 conserendum
652 4052 812 4121 procedunt
847 4054 885 4104 Eo
908 4055 965 4104 vlso
987 4054 1124 4107 Orcbunes
1150 4070 1214 4105 suos

124 4124 193 4175 item
217 4122 329 4175 instruit
347 4130 504 4193 partemque
524 4125 552 4175 in
579 4123 687 4175 insidiis
713 4123 846 4173 occultat:
880 4130 911 4174 ut
931 4122 954 4174 si
975 4125 1086 4175 llouruui
1112 4125 1141 4175 in
1163 4123 1213 4173 lros

126 4192 311 4265 praevalentes
331 4195 478 4261 irruerent,
496 4194 538 4247 iri
550 4192 698 4265 derepente
712 4192 895 4264 prosilientes,
914 4207 959 4245 eos
975 4192 1215 4265 perterrefacerent
