<?xml version="1.0" encoding="UTF-8"?>
<!DOCTYPE html PUBLIC "-//W3C//DTD XHTML 1.0 Transitional//EN"
    "http://www.w3.org/TR/xhtml1/DTD/xhtml1-transitional.dtd">
<html xmlns="http://www.w3.org/1999/xhtml" xml:lang="en" lang="en">
 <head>
  <title>
</title>
<meta http-equiv="Content-Type" content="text/html;charset=utf-8" />
  <meta name='ocr-system' content='tesseract 3.04.00' />
  <meta name='ocr-capabilities' content='ocr_page ocr_carea ocr_par ocr_line ocrx_word'/>
</head>
<body>
  <div class='ocr_page' id='page_1' title='image "./corpusscriptoru32theogoog/corpusscriptoru32theogoog_0461.png"; bbox 0 0 3025 4900; ppageno 0'>
   <div class='ocr_carea' id='block_1_1' title="bbox 444 333 1186 447">
    <p class='ocr_par' dir='ltr' id='par_1_1' title="bbox 444 333 1186 447">
     <span class='ocr_line' id='line_1_1' title="bbox 444 333 1186 447; baseline -0.008 -23"><span class='ocrx_word' id='word_1_1' title='bbox 444 351 728 424; x_wconf 76' lang='lat' dir='ltr'><strong>ursnourtnun</strong></span> <span class='ocrx_word' id='word_1_2' title='bbox 753 357 794 418; x_wconf 89' lang='lat' dir='ltr'><strong><em>u.</em></strong></span> <span class='ocrx_word' id='word_1_3' title='bbox 814 361 869 432; x_wconf 75' lang='grc' dir='ltr'><strong><em>κο.</em></strong></span> <span class='ocrx_word' id='word_1_4' title='bbox 1100 333 1186 447; x_wconf 74' lang='grc' dir='ltr'><strong><em>4η</em></strong></span> 
     </span>
    </p>
   </div>
   <div class='ocr_carea' id='block_1_2' title="bbox 63 503 1337 2673">
    <p class='ocr_par' dir='ltr' id='par_1_2' title="bbox 63 503 1337 2673">
     <span class='ocr_line' id='line_1_2' title="bbox 112 503 1337 602; baseline -0.006 -19"><span class='ocrx_word' id='word_1_5' title='bbox 112 515 174 583; x_wconf 90' lang='grc' dir='ltr'><strong><em>τών</em></strong></span> <span class='ocrx_word' id='word_1_6' title='bbox 192 509 268 602; x_wconf 75' lang='grc' dir='ltr'><strong><em>ἡμῖν</em></strong></span> <span class='ocrx_word' id='word_1_7' title='bbox 282 507 438 598; x_wconf 79' lang='grc' dir='ltr'><strong><em>άβουλίαν</em></strong></span> <span class='ocrx_word' id='word_1_8' title='bbox 453 515 510 578; x_wconf 87' lang='grc' dir='ltr'><strong><em>καῖ</em></strong></span> <span class='ocrx_word' id='word_1_9' title='bbox 533 503 777 596; x_wconf 78' lang='grc' dir='ltr'><strong><em>ἇσρογμοσύνην</em></strong></span> <span class='ocrx_word' id='word_1_10' title='bbox 800 509 1043 593; x_wconf 71' lang='grc' dir='ltr'><strong><em>καταγινώσκειν</em></strong></span> <span class='ocrx_word' id='word_1_11' title='bbox 1062 504 1337 596; x_wconf 58' lang='lat' dir='ltr'><strong><em>&amp;aminneam</em></strong></span> 
     </span>
     <span class='ocr_line' id='line_1_3' title="bbox 111 601 1284 700; baseline -0.005 -21"><span class='ocrx_word' id='word_1_12' title='bbox 111 613 266 700; x_wconf 81' lang='grc' dir='ltr'><strong><em>πρόφασιν</em></strong></span> <span class='ocrx_word' id='word_1_13' title='bbox 289 607 472 700; x_wconf 74' lang='grc' dir='ltr'><strong><em>παράσχῃ.”</em></strong></span> <span class='ocrx_word' id='word_1_14' title='bbox 517 609 640 675; x_wconf 80' lang='grc' dir='ltr'><strong><em>Τοίτων</em></strong></span> <span class='ocrx_word' id='word_1_15' title='bbox 663 601 764 684; x_wconf 66' lang='grc' dir='ltr'><strong><em>οὕτως</em></strong></span> <span class='ocrx_word' id='word_1_16' title='bbox 788 607 978 694; x_wconf 73' lang='grc' dir='ltr'><strong><em>εἰρημένων,</em></strong></span> <span class='ocrx_word' id='word_1_17' title='bbox 1006 610 1147 678; x_wconf 75' lang='grc' dir='ltr'><strong><em>ἐπείθετο</em></strong></span> <span class='ocrx_word' id='word_1_18' title='bbox 1170 610 1284 680; x_wconf 66' lang='lat' dir='ltr'><strong>itaet</strong></span> 
     </span>
     <span class='ocr_line' id='line_1_4' title="bbox 112 705 1189 796; baseline -0.009 -19"><span class='ocrx_word' id='word_1_19' title='bbox 112 709 255 796; x_wconf 71' lang='grc' dir='ltr'><strong><em>βασιλεὺς</em></strong></span> <span class='ocrx_word' id='word_1_20' title='bbox 280 709 336 776; x_wconf 89' lang='grc' dir='ltr'><strong><em>καί</em></strong></span> <span class='ocrx_word' id='word_1_21' title='bbox 356 708 400 785; x_wconf 87' lang='grc' dir='ltr'><strong><em>ώς</em></strong></span> <span class='ocrx_word' id='word_1_22' title='bbox 416 711 519 786; x_wconf 75' lang='grc' dir='ltr'><strong><em>καλῶς</em></strong></span> <span class='ocrx_word' id='word_1_23' title='bbox 536 705 651 790; x_wconf 77' lang='grc' dir='ltr'><strong><em>ἔχοντα</em></strong></span> <span class='ocrx_word' id='word_1_24' title='bbox 671 707 795 794; x_wconf 76' lang='grc' dir='ltr'><strong><em>ἐπῄνει,</em></strong></span> <span class='ocrx_word' id='word_1_25' title='bbox 822 708 973 793; x_wconf 78' lang='grc' dir='ltr'><strong><em>ε’πέτρεπί</em></strong></span> <span class='ocrx_word' id='word_1_26' title='bbox 989 733 1023 774; x_wconf 92' lang='grc' dir='ltr'><strong><em>τε</em></strong></span> <span class='ocrx_word' id='word_1_27' title='bbox 1038 712 1189 793; x_wconf 82' lang='grc' dir='ltr'><strong><em>βουλεώε.</em></strong></span> 
     </span>
     <span class='ocr_line' id='line_1_5' title="bbox 113 802 1189 897; baseline 0.002 -22"><span class='ocrx_word' id='word_1_28' title='bbox 113 815 188 876; x_wconf 92' lang='grc' dir='ltr'><strong><em>σθαι</em></strong></span> <span class='ocrx_word' id='word_1_29' title='bbox 206 808 280 894; x_wconf 91' lang='grc' dir='ltr'><strong><em>περί</em></strong></span> <span class='ocrx_word' id='word_1_30' title='bbox 295 807 405 877; x_wconf 70' lang='grc' dir='ltr'><strong><em>αὐτοῦ.</em></strong></span> <span class='ocrx_word' id='word_1_31' title='bbox 448 802 465 870; x_wconf 79' lang='grc' dir='ltr'><em>ὃ</em></span> <span class='ocrx_word' id='word_1_32' title='bbox 482 809 582 890; x_wconf 78' lang='grc' dir='ltr'><strong><em>μέγας</em></strong></span> <span class='ocrx_word' id='word_1_33' title='bbox 609 807 644 872; x_wconf 73' lang='grc' dir='ltr'><strong><em>δὲ</em></strong></span> <span class='ocrx_word' id='word_1_34' title='bbox 668 808 848 886; x_wconf 84' lang='grc' dir='ltr'><strong><em>δομέστικος</em></strong></span> <span class='ocrx_word' id='word_1_35' title='bbox 866 803 926 881; x_wconf 83' lang='grc' dir='ltr'><strong><em>τάς</em></strong></span> <span class='ocrx_word' id='word_1_36' title='bbox 954 808 1059 884; x_wconf 83' lang='grc' dir='ltr'><strong><em>αι’τίας</em></strong></span> <span class='ocrx_word' id='word_1_37' title='bbox 1074 812 1189 897; x_wconf 87' lang='grc' dir='ltr'><strong><em>πρότε-</em></strong></span> 
     </span>
     <span class='ocr_line' id='line_1_6' title="bbox 93 898 1193 998; baseline 0.003 -25"><span class='ocrx_word' id='word_1_38' title='bbox 93 917 167 998; x_wconf 83' lang='grc' dir='ltr'><strong><em>5ρον</em></strong></span> <span class='ocrx_word' id='word_1_39' title='bbox 190 907 310 997; x_wconf 85' lang='grc' dir='ltr'><strong><em>ἔφασκε</em></strong></span> <span class='ocrx_word' id='word_1_40' title='bbox 333 912 449 990; x_wconf 90' lang='grc' dir='ltr'><strong><em>μαθεῖν</em></strong></span> <span class='ocrx_word' id='word_1_41' title='bbox 467 908 605 988; x_wconf 76' lang='grc' dir='ltr'><strong><em>ἐθέλειν,</em></strong></span> <span class='ocrx_word' id='word_1_42' title='bbox 631 908 665 982; x_wconf 75' lang='grc' dir='ltr'><strong><em>ἐξ</em></strong></span> <span class='ocrx_word' id='word_1_43' title='bbox 683 898 729 970; x_wconf 82' lang='grc' dir='ltr'><strong><em>ών</em></strong></span> <span class='ocrx_word' id='word_1_44' title='bbox 746 906 799 979; x_wconf 82' lang='grc' dir='ltr'><strong><em>εἰς</em></strong></span> <span class='ocrx_word' id='word_1_45' title='bbox 820 907 913 970; x_wconf 78' lang='grc' dir='ltr'><strong><em>τοῦτο</em></strong></span> <span class='ocrx_word' id='word_1_46' title='bbox 931 908 1093 995; x_wconf 77' lang='grc' dir='ltr'><strong><em>ἕναχθεὺγ.</em></strong></span> <span class='ocrx_word' id='word_1_47' title='bbox 1132 907 1193 981; x_wconf 79' lang='grc' dir='ltr'><strong><em>κάν</em></strong></span> 
     </span>
     <span class='ocr_line' id='line_1_7' title="bbox 110 1001 1196 1094; baseline 0 -20"><span class='ocrx_word' id='word_1_48' title='bbox 110 1013 169 1091; x_wconf 81' lang='grc' dir='ltr'><strong><em>μὲν</em></strong></span> <span class='ocrx_word' id='word_1_49' title='bbox 192 1007 248 1072; x_wconf 90' lang='grc' dir='ltr'><strong><em>καί</em></strong></span> <span class='ocrx_word' id='word_1_50' title='bbox 264 1008 351 1094; x_wconf 57' lang='lat' dir='ltr'><strong>arira}</strong></span> <span class='ocrx_word' id='word_1_51' title='bbox 374 1005 465 1090; x_wconf 84' lang='grc' dir='ltr'><strong><em>λόγον</em></strong></span> <span class='ocrx_word' id='word_1_52' title='bbox 482 1004 614 1088; x_wconf 79' lang='grc' dir='ltr'><strong><em>ἔχουσαι</em></strong></span> <span class='ocrx_word' id='word_1_53' title='bbox 633 1007 750 1069; x_wconf 92' lang='grc' dir='ltr'><strong><em>δοκοῖεν</em></strong></span> <span class='ocrx_word' id='word_1_54' title='bbox 765 1001 821 1068; x_wconf 87' lang='grc' dir='ltr'><strong><em>καί</em></strong></span> <span class='ocrx_word' id='word_1_55' title='bbox 836 1006 958 1072; x_wconf 80' lang='grc' dir='ltr'><strong><em>πειθειν</em></strong></span> <span class='ocrx_word' id='word_1_56' title='bbox 979 1005 1129 1093; x_wconf 76' lang='grc' dir='ltr'><strong><em>ἰσχυραί,</em></strong></span> <span class='ocrx_word' id='word_1_57' title='bbox 1158 1017 1196 1079; x_wconf 86' lang='grc' dir='ltr'><strong><em>τί</em></strong></span> 
     </span>
     <span class='ocr_line' id='line_1_8' title="bbox 109 1102 1190 1199; baseline 0.003 -29"><span class='ocrx_word' id='word_1_58' title='bbox 109 1105 171 1192; x_wconf 76' lang='grc' dir='ltr'><strong><em>χρὴ</em></strong></span> <span class='ocrx_word' id='word_1_59' title='bbox 201 1110 375 1191; x_wconf 73' lang='grc' dir='ltr'><strong><em>περαιτέρω</em></strong></span> <span class='ocrx_word' id='word_1_60' title='bbox 400 1113 506 1170; x_wconf 90' lang='grc' dir='ltr'><strong><em>πονεῖν</em></strong></span> <span class='ocrx_word' id='word_1_61' title='bbox 531 1108 600 1192; x_wconf 79' lang='grc' dir='ltr'><strong><em>εἰκῇ</em></strong></span> <span class='ocrx_word' id='word_1_62' title='bbox 621 1103 870 1188; x_wconf 70' lang='grc' dir='ltr'><strong><em>βουλευομένους</em></strong></span> <span class='ocrx_word' id='word_1_63' title='bbox 877 1131 888 1185; x_wconf 84' lang='lat'>;</span> <span class='ocrx_word' id='word_1_64' title='bbox 928 1102 964 1169; x_wconf 80' lang='grc' dir='ltr'><strong><em>τά</em></strong></span> <span class='ocrx_word' id='word_1_65' title='bbox 989 1105 1108 1173; x_wconf 82' lang='grc' dir='ltr'><strong><em>κωλώον</em></strong></span> <span class='ocrx_word' id='word_1_66' title='bbox 1130 1109 1190 1199; x_wconf 82' lang='grc' dir='ltr'><strong><em>γάρ</em></strong></span> 
     </span>
     <span class='ocr_line' id='line_1_9' title="bbox 110 1195 1193 1290; baseline 0.004 -20"><span class='ocrx_word' id='word_1_67' title='bbox 110 1208 202 1271; x_wconf 74' lang='grc' dir='ltr'><strong><em>οὐδὲν</em></strong></span> <span class='ocrx_word' id='word_1_68' title='bbox 223 1203 262 1272; x_wconf 81' lang='grc' dir='ltr'><strong><em>τά</em></strong></span> <span class='ocrx_word' id='word_1_69' title='bbox 276 1209 378 1279; x_wconf 82' lang='grc' dir='ltr'><strong><em>καλῶς</em></strong></span> <span class='ocrx_word' id='word_1_70' title='bbox 394 1207 548 1269; x_wconf 78' lang='grc' dir='ltr'><strong><em>δοκοῦντα</em></strong></span> <span class='ocrx_word' id='word_1_71' title='bbox 563 1201 647 1286; x_wconf 78' lang='grc' dir='ltr'><strong><em>ἔχειν</em></strong></span> <span class='ocrx_word' id='word_1_72' title='bbox 663 1212 773 1266; x_wconf 85' lang='grc' dir='ltr'><strong><em>ποιεῖν.</em></strong></span> <span class='ocrx_word' id='word_1_73' title='bbox 802 1196 844 1267; x_wconf 83' lang='grc' dir='ltr'><strong><em>άν</em></strong></span> <span class='ocrx_word' id='word_1_74' title='bbox 860 1203 896 1266; x_wconf 83' lang='grc' dir='ltr'><strong><em>δ’</em></strong></span> <span class='ocrx_word' id='word_1_75' title='bbox 914 1195 980 1288; x_wconf 81' lang='grc' dir='ltr'><strong><em>άρα</em></strong></span> <span class='ocrx_word' id='word_1_76' title='bbox 993 1204 1040 1290; x_wconf 72' lang='grc' dir='ltr'><strong><em>μὴ</em></strong></span> <span class='ocrx_word' id='word_1_77' title='bbox 1057 1210 1193 1274; x_wconf 78' lang='grc' dir='ltr'><strong><em>τοιαῦτα</em></strong></span> 
     </span>
     <span class='ocr_line' id='line_1_10' title="bbox 109 1296 1194 1390; baseline -0.001 -21"><span class='ocrx_word' id='word_1_78' title='bbox 109 1308 288 1390; x_wconf 72' lang='grc' dir='ltr'><strong><em>φαίνοιντο,</em></strong></span> <span class='ocrx_word' id='word_1_79' title='bbox 309 1301 403 1370; x_wconf 87' lang='grc' dir='ltr'><strong><em>πάλιν</em></strong></span> <span class='ocrx_word' id='word_1_80' title='bbox 420 1302 518 1368; x_wconf 72' lang='grc' dir='ltr'><strong><em>αὐτὸν</em></strong></span> <span class='ocrx_word' id='word_1_81' title='bbox 532 1303 566 1380; x_wconf 76' lang='grc' dir='ltr'><strong><em>ἐξ</em></strong></span> <span class='ocrx_word' id='word_1_82' title='bbox 581 1296 795 1386; x_wconf 75' lang='grc' dir='ltr'><strong><em>ἀποστρόφου</em></strong></span> <span class='ocrx_word' id='word_1_83' title='bbox 812 1303 853 1365; x_wconf 86' lang='grc' dir='ltr'><strong><em>δι’</em></strong></span> <span class='ocrx_word' id='word_1_84' title='bbox 874 1297 897 1366; x_wconf 77' lang='grc' dir='ltr'><em>ἃ</em></span> <span class='ocrx_word' id='word_1_85' title='bbox 906 1300 952 1388; x_wconf 65' lang='grc' dir='ltr'><strong><em>μή</em></strong></span> <span class='ocrx_word' id='word_1_86' title='bbox 965 1303 1118 1388; x_wconf 74' lang='grc' dir='ltr'><strong><em>λογίζοιτο</em></strong></span> <span class='ocrx_word' id='word_1_87' title='bbox 1133 1307 1194 1373; x_wconf 70' lang='lat' dir='ltr'><strong>ori.</strong></span> 
     </span>
     <span class='ocr_line' id='line_1_11' title="bbox 72 1394 1217 1490; baseline 0.005 -22"><span class='ocrx_word' id='word_1_88' title='bbox 72 1401 164 1479; x_wconf 85' lang='grc' dir='ltr'><strong><em>ιοτός</em></strong></span> <span class='ocrx_word' id='word_1_89' title='bbox 184 1409 354 1468; x_wconf 83' lang='grc' dir='ltr'><strong><em>λυσιτελεῖν</em></strong></span> <span class='ocrx_word' id='word_1_90' title='bbox 368 1401 425 1490; x_wconf 67' lang='grc' dir='ltr'><strong><em>τὴν</em></strong></span> <span class='ocrx_word' id='word_1_91' title='bbox 440 1405 564 1489; x_wconf 77' lang='grc' dir='ltr'><strong><em>πρᾶξιν,</em></strong></span> <span class='ocrx_word' id='word_1_92' title='bbox 582 1403 775 1489; x_wconf 79' lang='grc' dir='ltr'><strong><em>προτιθέναι.</em></strong></span> <span class='ocrx_word' id='word_1_93' title='bbox 795 1394 855 1466; x_wconf 85' lang='grc' dir='ltr'><strong><em>κάν</em></strong></span> <span class='ocrx_word' id='word_1_94' title='bbox 866 1406 926 1482; x_wconf 84' lang='grc' dir='ltr'><strong><em>μὲν</em></strong></span> <span class='ocrx_word' id='word_1_95' title='bbox 943 1407 1001 1468; x_wconf 76' lang='grc' dir='ltr'><strong><em>τοῖν</em></strong></span> <span class='ocrx_word' id='word_1_96' title='bbox 1020 1402 1123 1490; x_wconf 83' lang='grc' dir='ltr'><strong><em>ὅρθώς</em></strong></span> <span class='ocrx_word' id='word_1_97' title='bbox 1137 1411 1192 1472; x_wconf 91' lang='grc' dir='ltr'><strong><em>καί</em></strong></span> <span class='ocrx_word' id='word_1_98' title='bbox 1195 1411 1217 1474; x_wconf 78' lang='lat' dir='ltr'>C</span> 
     </span>
     <span class='ocr_line' id='line_1_12' title="bbox 109 1498 1196 1590; baseline 0.004 -24"><span class='ocrx_word' id='word_1_99' title='bbox 109 1501 241 1576; x_wconf 88' lang='grc' dir='ltr'><strong><em>δικαίως</em></strong></span> <span class='ocrx_word' id='word_1_100' title='bbox 255 1499 379 1584; x_wconf 81' lang='grc' dir='ltr'><strong><em>ἔχοντος</em></strong></span> <span class='ocrx_word' id='word_1_101' title='bbox 394 1501 545 1588; x_wconf 77' lang='grc' dir='ltr'><strong><em>φαίνηται</em></strong></span> <span class='ocrx_word' id='word_1_102' title='bbox 562 1499 697 1586; x_wconf 75' lang='grc' dir='ltr'><strong><em>ἡμμένο,</em></strong></span> <span class='ocrx_word' id='word_1_103' title='bbox 715 1499 890 1564; x_wconf 81' lang='grc' dir='ltr'><strong><em>πειθεσθοί</em></strong></span> <span class='ocrx_word' id='word_1_104' title='bbox 899 1525 932 1565; x_wconf 85' lang='grc' dir='ltr'><strong><em>τε</em></strong></span> <span class='ocrx_word' id='word_1_105' title='bbox 945 1498 1042 1566; x_wconf 69' lang='grc' dir='ltr'><strong><em>αὐτὸν</em></strong></span> <span class='ocrx_word' id='word_1_106' title='bbox 1052 1507 1108 1568; x_wconf 86' lang='grc' dir='ltr'><strong><em>καί</em></strong></span> <span class='ocrx_word' id='word_1_107' title='bbox 1115 1503 1196 1590; x_wconf 83' lang='grc' dir='ltr'><strong><em>οἷφί-</em></strong></span> 
     </span>
     <span class='ocr_line' id='line_1_13' title="bbox 108 1594 1197 1684; baseline 0.001 -18"><span class='ocrx_word' id='word_1_108' title='bbox 108 1605 252 1666; x_wconf 89' lang='grc' dir='ltr'><strong><em>σταοθαι</em></strong></span> <span class='ocrx_word' id='word_1_109' title='bbox 265 1605 322 1666; x_wconf 80' lang='grc' dir='ltr'><strong><em>τοῦ</em></strong></span> <span class='ocrx_word' id='word_1_110' title='bbox 332 1598 376 1684; x_wconf 67' lang='grc' dir='ltr'><em>μή</em></span> <span class='ocrx_word' id='word_1_111' title='bbox 390 1599 431 1665; x_wconf 81' lang='grc' dir='ltr'><strong><em>τά</em></strong></span> <span class='ocrx_word' id='word_1_112' title='bbox 453 1602 564 1666; x_wconf 83' lang='grc' dir='ltr'><strong><em>δέοντα</em></strong></span> <span class='ocrx_word' id='word_1_113' title='bbox 576 1607 687 1663; x_wconf 83' lang='grc' dir='ltr'><strong><em>ποιεῖν·</em></strong></span> <span class='ocrx_word' id='word_1_114' title='bbox 704 1596 761 1663; x_wconf 77' lang='grc' dir='ltr'><strong><em>δάν</em></strong></span> <span class='ocrx_word' id='word_1_115' title='bbox 773 1601 809 1664; x_wconf 79' lang='grc' dir='ltr'><strong><em>δὲ</em></strong></span> <span class='ocrx_word' id='word_1_116' title='bbox 825 1599 939 1675; x_wconf 77' lang='grc' dir='ltr'><strong><em>δνδεώς</em></strong></span> <span class='ocrx_word' id='word_1_117' title='bbox 953 1594 977 1684; x_wconf 81' lang='grc' dir='ltr'><strong><em>ἢ</em></strong></span> <span class='ocrx_word' id='word_1_118' title='bbox 993 1596 1074 1666; x_wconf 85' lang='grc' dir='ltr'><strong><em>ώστε</em></strong></span> <span class='ocrx_word' id='word_1_119' title='bbox 1098 1601 1197 1669; x_wconf 83' lang='grc' dir='ltr'><strong><em>δυ’να-</em></strong></span> 
     </span>
     <span class='ocr_line' id='line_1_14' title="bbox 108 1693 1197 1786; baseline 0 -20"><span class='ocrx_word' id='word_1_120' title='bbox 108 1704 192 1766; x_wconf 89' lang='grc' dir='ltr'><strong><em>σθοι</em></strong></span> <span class='ocrx_word' id='word_1_121' title='bbox 212 1702 333 1766; x_wconf 84' lang='grc' dir='ltr'><strong><em>πείθειν</em></strong></span> <span class='ocrx_word' id='word_1_122' title='bbox 348 1698 446 1782; x_wconf 77' lang='grc' dir='ltr'><strong><em>ἔχωσι</em></strong></span> <span class='ocrx_word' id='word_1_123' title='bbox 463 1697 519 1765; x_wconf 88' lang='grc' dir='ltr'><strong><em>καί</em></strong></span> <span class='ocrx_word' id='word_1_124' title='bbox 534 1693 721 1782; x_wconf 76' lang='grc' dir='ltr'><strong><em>ἀγχώμαλος</em></strong></span> <span class='ocrx_word' id='word_1_125' title='bbox 745 1697 767 1782; x_wconf 82' lang='grc' dir='ltr'><em>ἤ</em></span> <span class='ocrx_word' id='word_1_126' title='bbox 781 1694 871 1782; x_wconf 82' lang='grc' dir='ltr'><strong><em>μάχη</em></strong></span> <span class='ocrx_word' id='word_1_127' title='bbox 889 1703 1038 1786; x_wconf 80' lang='grc' dir='ltr'><strong><em>καταστῇ,</em></strong></span> <span class='ocrx_word' id='word_1_128' title='bbox 1058 1701 1121 1766; x_wconf 74' lang='grc' dir='ltr'><strong><em>τότ’</em></strong></span> <span class='ocrx_word' id='word_1_129' title='bbox 1136 1698 1197 1766; x_wconf 75' lang='grc' dir='ltr'><strong><em>αὖ·</em></strong></span> 
     </span>
     <span class='ocr_line' id='line_1_15' title="bbox 108 1791 1197 1889; baseline 0 -25"><span class='ocrx_word' id='word_1_130' title='bbox 108 1797 165 1864; x_wconf 85' lang='grc' dir='ltr'><strong><em>τὸν</em></strong></span> <span class='ocrx_word' id='word_1_131' title='bbox 184 1800 241 1884; x_wconf 76' lang='grc' dir='ltr'><strong><em>τῆς</em></strong></span> <span class='ocrx_word' id='word_1_132' title='bbox 253 1797 338 1884; x_wconf 81' lang='grc' dir='ltr'><strong><em>νίκης</em></strong></span> <span class='ocrx_word' id='word_1_133' title='bbox 362 1799 450 1889; x_wconf 68' lang='grc' dir='ltr'><strong><em>αὐτῷ</em></strong></span> <span class='ocrx_word' id='word_1_134' title='bbox 466 1805 657 1886; x_wconf 83' lang='grc' dir='ltr'><strong><em>προχωρεῖν,</em></strong></span> <span class='ocrx_word' id='word_1_135' title='bbox 677 1791 782 1882; x_wconf 81' lang='grc' dir='ltr'><strong><em>ώσπερ</em></strong></span> <span class='ocrx_word' id='word_1_136' title='bbox 808 1800 885 1873; x_wconf 82' lang='grc' dir='ltr'><strong><em>τούς</em></strong></span> <span class='ocrx_word' id='word_1_137' title='bbox 906 1791 1115 1882; x_wconf 65' lang='grc' dir='ltr'><strong><em>Ἀθηναιους,</em></strong></span> <span class='ocrx_word' id='word_1_138' title='bbox 1142 1805 1197 1885; x_wconf 74' lang='grc' dir='ltr'><strong><em>τῆς</em></strong></span> 
     </span>
     <span class='ocr_line' id='line_1_16' title="bbox 69 1891 1198 1984; baseline 0.004 -24"><span class='ocrx_word' id='word_1_139' title='bbox 69 1893 249 1982; x_wconf 78' lang='grc' dir='ltr'><strong><em>ιόἈθηνᾶς</em></strong></span> <span class='ocrx_word' id='word_1_140' title='bbox 265 1901 511 1984; x_wconf 79' lang='grc' dir='ltr'><strong><em>προστιθεμένης</em></strong></span> <span class='ocrx_word' id='word_1_141' title='bbox 527 1897 650 1984; x_wconf 77' lang='grc' dir='ltr'><strong><em>ψήφου,</em></strong></span> <span class='ocrx_word' id='word_1_142' title='bbox 671 1895 757 1980; x_wconf 85' lang='grc' dir='ltr'><strong><em>λόγος</em></strong></span> <span class='ocrx_word' id='word_1_143' title='bbox 775 1905 885 1961; x_wconf 86' lang='grc' dir='ltr'><strong><em>ποιεῖν.</em></strong></span> <span class='ocrx_word' id='word_1_144' title='bbox 923 1901 1020 1982; x_wconf 86' lang='grc' dir='ltr'><strong><em>τριών</em></strong></span> <span class='ocrx_word' id='word_1_145' title='bbox 1045 1899 1080 1963; x_wconf 86' lang='grc' dir='ltr'><strong><em>δὲ</em></strong></span> <span class='ocrx_word' id='word_1_146' title='bbox 1100 1891 1198 1965; x_wconf 82' lang='grc' dir='ltr'><strong><em>ὅντων</em></strong></span> 
     </span>
     <span class='ocr_line' id='line_1_17' title="bbox 107 1989 1198 2081; baseline 0.002 -21"><span class='ocrx_word' id='word_1_147' title='bbox 107 1992 130 2060; x_wconf 78' lang='grc' dir='ltr'><em>ἃ</em></span> <span class='ocrx_word' id='word_1_148' title='bbox 149 1989 191 2060; x_wconf 81' lang='grc' dir='ltr'><strong><em>άν</em></strong></span> <span class='ocrx_word' id='word_1_149' title='bbox 216 2020 253 2061; x_wconf 92' lang='grc' dir='ltr'><strong><em>σε</em></strong></span> <span class='ocrx_word' id='word_1_150' title='bbox 273 1995 413 2078; x_wconf 84' lang='grc' dir='ltr'><strong><em>μάλιστα</em></strong></span> <span class='ocrx_word' id='word_1_151' title='bbox 435 1997 563 2062; x_wconf 77' lang='grc' dir='ltr'><strong><em>δύναιτο</em></strong></span> <span class='ocrx_word' id='word_1_152' title='bbox 583 1992 660 2081; x_wconf 82' lang='grc' dir='ltr'><strong><em>πρὸς</em></strong></span> <span class='ocrx_word' id='word_1_153' title='bbox 677 1997 889 2076; x_wconf 78' lang='grc' dir='ltr'><strong><em>μεταμέλειαν</em></strong></span> <span class='ocrx_word' id='word_1_154' title='bbox 904 1998 968 2060; x_wconf 85' lang='grc' dir='ltr'><strong><em>τών</em></strong></span> <span class='ocrx_word' id='word_1_155' title='bbox 988 2001 1198 2080; x_wconf 74' lang='grc' dir='ltr'><strong><em>γεγενημένων</em></strong></span> 
     </span>
     <span class='ocr_line' id='line_1_18' title="bbox 105 2092 1196 2180; baseline -0.001 -20"><span class='ocrx_word' id='word_1_156' title='bbox 105 2092 254 2178; x_wconf 75' lang='grc' dir='ltr'><strong><em>ἐνάγειν,</em></strong></span> <span class='ocrx_word' id='word_1_157' title='bbox 285 2098 345 2160; x_wconf 74' lang='grc' dir='ltr'><strong><em>τοῦ</em></strong></span> <span class='ocrx_word' id='word_1_158' title='bbox 363 2119 398 2160; x_wconf 86' lang='grc' dir='ltr'><strong><em>τε</em></strong></span> <span class='ocrx_word' id='word_1_159' title='bbox 420 2093 472 2179; x_wconf 77' lang='grc' dir='ltr'><strong><em>μή</em></strong></span> <span class='ocrx_word' id='word_1_160' title='bbox 491 2092 618 2168; x_wconf 85' lang='grc' dir='ltr'><strong><em>δικαίως</em></strong></span> <span class='ocrx_word' id='word_1_161' title='bbox 639 2095 741 2159; x_wconf 86' lang='grc' dir='ltr'><strong><em>δοκεῖν</em></strong></span> <span class='ocrx_word' id='word_1_162' title='bbox 760 2095 966 2179; x_wconf 78' lang='grc' dir='ltr'><strong><em>πεπρᾶχθαι,</em></strong></span> <span class='ocrx_word' id='word_1_163' title='bbox 998 2095 1054 2158; x_wconf 89' lang='grc' dir='ltr'><strong><em>καί</em></strong></span> <span class='ocrx_word' id='word_1_164' title='bbox 1073 2097 1130 2159; x_wconf 76' lang='grc' dir='ltr'><strong><em>τοῦ</em></strong></span> <span class='ocrx_word' id='word_1_165' title='bbox 1150 2092 1196 2180; x_wconf 74' lang='grc' dir='ltr'><strong><em>μὴ</em></strong></span> 
     </span>
     <span class='ocr_line' id='line_1_19' title="bbox 106 2190 1199 2278; baseline -0.002 -20"><span class='ocrx_word' id='word_1_166' title='bbox 106 2203 174 2269; x_wconf 90' lang='grc' dir='ltr'><strong><em>τοῖς</em></strong></span> <span class='ocrx_word' id='word_1_167' title='bbox 190 2191 357 2278; x_wconf 81' lang='grc' dir='ltr'><strong><em>πράγμασι</em></strong></span> <span class='ocrx_word' id='word_1_168' title='bbox 372 2190 628 2271; x_wconf 79' lang='grc' dir='ltr'><strong><em>λυσιτελούντως,</em></strong></span> <span class='ocrx_word' id='word_1_169' title='bbox 651 2195 706 2256; x_wconf 86' lang='grc' dir='ltr'><strong><em>καί</em></strong></span> <span class='ocrx_word' id='word_1_170' title='bbox 721 2192 841 2276; x_wconf 88' lang='grc' dir='ltr'><strong><em>τρίτου,</em></strong></span> <span class='ocrx_word' id='word_1_171' title='bbox 862 2194 921 2254; x_wconf 77' lang='grc' dir='ltr'><strong><em>τοῦ</em></strong></span> <span class='ocrx_word' id='word_1_172' title='bbox 939 2215 1011 2257; x_wconf 90' lang='grc' dir='ltr'><strong><em>τινα</em></strong></span> <span class='ocrx_word' id='word_1_173' title='bbox 1028 2195 1091 2258; x_wconf 84' lang='grc' dir='ltr'><strong><em>τών</em></strong></span> <span class='ocrx_word' id='word_1_174' title='bbox 1110 2191 1199 2256; x_wconf 87' lang='grc' dir='ltr'><strong><em>δεόν-</em></strong></span> 
     </span>
     <span class='ocr_line' id='line_1_20' title="bbox 106 2285 1288 2375; baseline 0.001 -20"><span class='ocrx_word' id='word_1_175' title='bbox 106 2317 172 2356; x_wconf 86' lang='grc' dir='ltr'><strong><em>των</em></strong></span> <span class='ocrx_word' id='word_1_176' title='bbox 189 2293 337 2375; x_wconf 87' lang='grc' dir='ltr'><strong><em>γίνεοθαι</em></strong></span> <span class='ocrx_word' id='word_1_177' title='bbox 357 2292 545 2370; x_wconf 75' lang='grc' dir='ltr'><strong><em>ἀμελεῖσθαι</em></strong></span> <span class='ocrx_word' id='word_1_178' title='bbox 570 2285 624 2352; x_wconf 85' lang='grc' dir='ltr'><strong><em>διά</em></strong></span> <span class='ocrx_word' id='word_1_179' title='bbox 648 2285 684 2351; x_wconf 82' lang='grc' dir='ltr'><strong><em>τὸ</em></strong></span> <span class='ocrx_word' id='word_1_180' title='bbox 702 2285 747 2370; x_wconf 70' lang='grc' dir='ltr'><strong><em>μὴ</em></strong></span> <span class='ocrx_word' id='word_1_181' title='bbox 770 2291 902 2368; x_wconf 78' lang='grc' dir='ltr'><strong><em>βασιλέα</em></strong></span> <span class='ocrx_word' id='word_1_182' title='bbox 923 2297 991 2363; x_wconf 88' lang='grc' dir='ltr'><strong><em>τοῖς</em></strong></span> <span class='ocrx_word' id='word_1_183' title='bbox 1016 2288 1198 2374; x_wconf 78' lang='grc' dir='ltr'><strong><em>πράγμασιν</em></strong></span> <span class='ocrx_word' id='word_1_184' title='bbox 1282 2337 1288 2344; x_wconf 39' lang='grc' dir='ltr'><strong><em>ι</em></strong></span> 
     </span>
     <span class='ocr_line' id='line_1_21' title="bbox 63 2379 1284 2475; baseline 0.003 -23"><span class='ocrx_word' id='word_1_185' title='bbox 63 2386 299 2475; x_wconf 76' lang='grc' dir='ltr'><strong><em>τοτ’φεστάνοι,</em></strong></span> <span class='ocrx_word' id='word_1_186' title='bbox 325 2383 518 2466; x_wconf 77' lang='grc' dir='ltr'><strong><em>σκεψώμεθα</em></strong></span> <span class='ocrx_word' id='word_1_187' title='bbox 541 2389 672 2449; x_wconf 74' lang='grc' dir='ltr'><strong><em>ἕκαστον</em></strong></span> <span class='ocrx_word' id='word_1_188' title='bbox 691 2379 806 2455; x_wconf 77' lang='grc' dir='ltr'><strong><em>αὖτῶν.</em></strong></span> <span class='ocrx_word' id='word_1_189' title='bbox 848 2383 903 2448; x_wconf 86' lang='grc' dir='ltr'><strong><em>καί</em></strong></span> <span class='ocrx_word' id='word_1_190' title='bbox 918 2384 1044 2470; x_wconf 84' lang='grc' dir='ltr'><strong><em>πρώτόν</em></strong></span> <span class='ocrx_word' id='word_1_191' title='bbox 1062 2412 1097 2473; x_wconf 86' lang='grc' dir='ltr'><strong><em>γε</em></strong></span> <span class='ocrx_word' id='word_1_192' title='bbox 1116 2391 1229 2456; x_wconf 85' lang='grc' dir='ltr'><strong><em>πάν-1)</em></strong></span> <span class='ocrx_word' id='word_1_193' title='bbox 1279 2408 1284 2414; x_wconf 86' lang='grc'><em>“</em></span> 
     </span>
     <span class='ocr_line' id='line_1_22' title="bbox 103 2480 1200 2572; baseline -0.002 -20"><span class='ocrx_word' id='word_1_194' title='bbox 103 2513 157 2565; x_wconf 86' lang='grc' dir='ltr'><strong><em>τες</em></strong></span> <span class='ocrx_word' id='word_1_195' title='bbox 178 2482 223 2550; x_wconf 80' lang='grc' dir='ltr'><strong><em>άν</em></strong></span> <span class='ocrx_word' id='word_1_196' title='bbox 244 2486 318 2565; x_wconf 78' lang='grc' dir='ltr'><strong><em>ἐμοί</em></strong></span> <span class='ocrx_word' id='word_1_197' title='bbox 344 2492 504 2568; x_wconf 83' lang='grc' dir='ltr'><strong><em>συμφαῖεν</em></strong></span> <span class='ocrx_word' id='word_1_198' title='bbox 522 2480 567 2556; x_wconf 86' lang='grc' dir='ltr'><strong><em>ώς</em></strong></span> <span class='ocrx_word' id='word_1_199' title='bbox 588 2484 724 2564; x_wconf 85' lang='grc' dir='ltr'><strong><em>μάλιστα</em></strong></span> <span class='ocrx_word' id='word_1_200' title='bbox 746 2484 920 2567; x_wconf 76' lang='grc' dir='ltr'><strong><em>πέπρακται</em></strong></span> <span class='ocrx_word' id='word_1_201' title='bbox 942 2486 1079 2562; x_wconf 75' lang='grc' dir='ltr'><strong><em>δικαιως.</em></strong></span> <span class='ocrx_word' id='word_1_202' title='bbox 1119 2484 1200 2572; x_wconf 85' lang='grc' dir='ltr'><strong><em>πρό-</em></strong></span> 
     </span>
     <span class='ocr_line' id='line_1_23' title="bbox 103 2572 1201 2673; baseline 0 -23"><span class='ocrx_word' id='word_1_203' title='bbox 103 2586 204 2673; x_wconf 86' lang='grc' dir='ltr'><strong><em>τερόν</em></strong></span> <span class='ocrx_word' id='word_1_204' title='bbox 222 2607 257 2647; x_wconf 88' lang='grc' dir='ltr'><strong><em>τε</em></strong></span> <span class='ocrx_word' id='word_1_205' title='bbox 272 2581 332 2669; x_wconf 88' lang='grc' dir='ltr'><strong><em>γάρ</em></strong></span> <span class='ocrx_word' id='word_1_206' title='bbox 355 2578 451 2658; x_wconf 68' lang='lat' dir='ltr'><strong>aitte</strong></span> <span class='ocrx_word' id='word_1_207' title='bbox 463 2581 521 2645; x_wconf 81' lang='grc' dir='ltr'><strong><em>οώκ</em></strong></span> <span class='ocrx_word' id='word_1_208' title='bbox 533 2572 631 2667; x_wconf 80' lang='grc' dir='ltr'><strong><em>ἦρξας</em></strong></span> <span class='ocrx_word' id='word_1_209' title='bbox 644 2578 794 2667; x_wconf 78' lang='grc' dir='ltr'><strong><em>πολέμου,</em></strong></span> <span class='ocrx_word' id='word_1_210' title='bbox 811 2577 880 2648; x_wconf 73' lang='grc' dir='ltr'><strong><em>ἀλλ’</em></strong></span> <span class='ocrx_word' id='word_1_211' title='bbox 898 2580 961 2649; x_wconf 62' lang='lat' dir='ltr'><strong>rino*</strong></span> <span class='ocrx_word' id='word_1_212' title='bbox 977 2587 1039 2651; x_wconf 83' lang='grc' dir='ltr'><strong><em>τών</em></strong></span> <span class='ocrx_word' id='word_1_213' title='bbox 1052 2582 1201 2672; x_wconf 65' lang='grc' dir='ltr'><strong><em>πραγμάμ</em></strong></span> 
     </span>
    </p>
   </div>
   <div class='ocr_carea' id='block_1_3' title="bbox 181 2746 658 2823">
    <p class='ocr_par' dir='ltr' id='par_1_3' title="bbox 181 2746 658 2823">
     <span class='ocr_line' id='line_1_24' title="bbox 181 2746 658 2823; baseline -0.01 -18"><span class='ocrx_word' id='word_1_214' title='bbox 181 2770 231 2810; x_wconf 78' lang='grc' dir='ltr'><strong><em>ατ.</em></strong></span> <span class='ocrx_word' id='word_1_215' title='bbox 248 2746 366 2810; x_wconf 80' lang='grc' dir='ltr'><strong><em>δικαίως</em></strong></span> <span class='ocrx_word' id='word_1_216' title='bbox 383 2750 437 2805; x_wconf 88' lang='grc' dir='ltr'><strong><em>ΕΙ).</em></strong></span> <span class='ocrx_word' id='word_1_217' title='bbox 456 2750 483 2805; x_wconf 79' lang='grc' dir='ltr'><strong><em>Ρ.</em></strong></span> <span class='ocrx_word' id='word_1_218' title='bbox 500 2766 551 2823; x_wconf 84' lang='lat' dir='ltr'><strong>pro</strong></span> <span class='ocrx_word' id='word_1_219' title='bbox 569 2746 658 2802; x_wconf 83' lang='grc' dir='ltr'><strong><em>δίκαι.</em></strong></span> 
     </span>
    </p>
   </div>
   <div class='ocr_carea' id='block_1_4' title="bbox 99 2920 1271 4328">
    <p class='ocr_par' dir='ltr' id='par_1_4' title="bbox 99 2920 1271 4328">
     <span class='ocr_line' id='line_1_25' title="bbox 105 2920 1201 2997; baseline 0.002 -20"><span class='ocrx_word' id='word_1_220' title='bbox 105 2924 227 2980; x_wconf 84' lang='lat' dir='ltr'><strong>modurn</strong></span> <span class='ocrx_word' id='word_1_221' title='bbox 244 2924 417 2994; x_wconf 83' lang='lat' dir='ltr'><strong>inopinatum</strong></span> <span class='ocrx_word' id='word_1_222' title='bbox 439 2920 579 2994; x_wconf 84' lang='lat' dir='ltr'><strong>quidpiam</strong></span> <span class='ocrx_word' id='word_1_223' title='bbox 597 2921 740 2985; x_wconf 79' lang='lat' dir='ltr'><strong>acciderit,</strong></span> <span class='ocrx_word' id='word_1_224' title='bbox 761 2920 860 2996; x_wconf 86' lang='lat' dir='ltr'><strong>(multa</strong></span> <span class='ocrx_word' id='word_1_225' title='bbox 886 2931 976 2977; x_wconf 87' lang='lat' dir='ltr'><strong>antem</strong></span> <span class='ocrx_word' id='word_1_226' title='bbox 993 2922 1116 2977; x_wconf 80' lang='lat' dir='ltr'><strong>accidere</strong></span> <span class='ocrx_word' id='word_1_227' title='bbox 1130 2940 1201 2997; x_wconf 83' lang='lat' dir='ltr'><strong>qne·</strong></span> 
     </span>
     <span class='ocr_line' id='line_1_26' title="bbox 105 2993 1202 3068; baseline -0.002 -21"><span class='ocrx_word' id='word_1_228' title='bbox 105 3004 159 3048; x_wconf 81' lang='lat' dir='ltr'><strong><em>ant</em></strong></span> <span class='ocrx_word' id='word_1_229' title='bbox 170 2998 192 3068; x_wconf 91' lang='lat'><strong><em>,)</em></strong></span> <span class='ocrx_word' id='word_1_230' title='bbox 212 2995 243 3047; x_wconf 84' lang='lat' dir='ltr'><strong><em>id</em></strong></span> <span class='ocrx_word' id='word_1_231' title='bbox 261 3003 289 3046; x_wconf 89' lang='lat' dir='ltr'><strong><em>et</em></strong></span> <span class='ocrx_word' id='word_1_232' title='bbox 303 2993 364 3045; x_wconf 80' lang='lat' dir='ltr'><strong>aliie</strong></span> <span class='ocrx_word' id='word_1_233' title='bbox 382 3002 410 3045; x_wconf 89' lang='lat' dir='ltr'><strong><em>et</em></strong></span> <span class='ocrx_word' id='word_1_234' title='bbox 424 3003 486 3047; x_wconf 89' lang='lat' dir='ltr'><strong>ante</strong></span> <span class='ocrx_word' id='word_1_235' title='bbox 505 2995 572 3046; x_wconf 85' lang='lat' dir='ltr'><strong>aliua</strong></span> <span class='ocrx_word' id='word_1_236' title='bbox 586 2994 791 3062; x_wconf 75' lang='lat' dir='ltr'><strong>nobismetipsis</strong></span> <span class='ocrx_word' id='word_1_237' title='bbox 808 2994 844 3045; x_wconf 88' lang='lat' dir='ltr'><strong><em>ad</em></strong></span> <span class='ocrx_word' id='word_1_238' title='bbox 856 2996 1035 3047; x_wconf 75' lang='lat' dir='ltr'><strong>temeritatem</strong></span> <span class='ocrx_word' id='word_1_239' title='bbox 1058 2997 1202 3049; x_wconf 77' lang='lat' dir='ltr'><strong>inertiam-</strong></span> 
     </span>
     <span class='ocr_line' id='line_1_27' title="bbox 106 3064 1205 3135; baseline 0.001 -18"><span class='ocrx_word' id='word_1_240' title='bbox 106 3082 167 3135; x_wconf 81' lang='lat' dir='ltr'><strong><em>que</em></strong></span> <span class='ocrx_word' id='word_1_241' title='bbox 182 3073 307 3118; x_wconf 77' lang='lat' dir='ltr'><strong>nostram</strong></span> <span class='ocrx_word' id='word_1_242' title='bbox 324 3064 555 3117; x_wconf 75' lang='lat' dir='ltr'>condemnandam</span> <span class='ocrx_word' id='word_1_243' title='bbox 573 3066 619 3117; x_wconf 86' lang='lat' dir='ltr'><strong><em>fiat</em></strong></span> <span class='ocrx_word' id='word_1_244' title='bbox 636 3066 749 3117; x_wconf 80' lang='lat' dir='ltr'><strong>occatio.</strong></span> <span class='ocrx_word' id='word_1_245' title='bbox 786 3066 866 3116; x_wconf 87' lang='lat' dir='ltr'><strong>Dicta</strong></span> <span class='ocrx_word' id='word_1_246' title='bbox 883 3065 1045 3134; x_wconf 80' lang='lat' dir='ltr'><strong>approbavit</strong></span> <span class='ocrx_word' id='word_1_247' title='bbox 1055 3066 1205 3135; x_wconf 77' lang='lat' dir='ltr'><strong>imperator</strong></span> 
     </span>
     <span class='ocr_line' id='line_1_28' title="bbox 107 3134 1203 3206; baseline -0.002 -17"><span class='ocrx_word' id='word_1_248' title='bbox 107 3144 139 3189; x_wconf 85' lang='lat' dir='ltr'><strong><em>et</em></strong></span> <span class='ocrx_word' id='word_1_249' title='bbox 156 3136 302 3206; x_wconf 73' lang='lat' dir='ltr'><strong><em>negotium</em></strong></span> <span class='ocrx_word' id='word_1_250' title='bbox 322 3136 517 3187; x_wconf 70' lang='lat' dir='ltr'><strong><em>consultationi</em></strong></span> <span class='ocrx_word' id='word_1_251' title='bbox 540 3136 671 3203; x_wconf 77' lang='lat' dir='ltr'><strong>permisit.</strong></span> <span class='ocrx_word' id='word_1_252' title='bbox 710 3136 745 3188; x_wconf 78' lang='lat' dir='ltr'><strong><em>At</em></strong></span> <span class='ocrx_word' id='word_1_253' title='bbox 762 3151 873 3204; x_wconf 75' lang='lat' dir='ltr'><strong>magnus</strong></span> <span class='ocrx_word' id='word_1_254' title='bbox 887 3134 1050 3188; x_wconf 72' lang='lat' dir='ltr'><strong>domesticus</strong></span> <span class='ocrx_word' id='word_1_255' title='bbox 1064 3143 1203 3187; x_wconf 84' lang='lat' dir='ltr'><strong>momenta</strong></span> 
     </span>
     <span class='ocr_line' id='line_1_29' title="bbox 104 3203 1203 3277; baseline -0.003 -18"><span class='ocrx_word' id='word_1_256' title='bbox 104 3209 190 3277; x_wconf 76' lang='lat' dir='ltr'><strong>priua</strong></span> <span class='ocrx_word' id='word_1_257' title='bbox 205 3222 286 3258; x_wconf 82' lang='lat' dir='ltr'><strong>nome</strong></span> <span class='ocrx_word' id='word_1_258' title='bbox 305 3203 486 3268; x_wconf 72' lang='lat' dir='ltr'><strong>desideravit,</strong></span> <span class='ocrx_word' id='word_1_259' title='bbox 505 3206 604 3277; x_wconf 72' lang='lat' dir='ltr'><strong>quibus</strong></span> <span class='ocrx_word' id='word_1_260' title='bbox 618 3213 707 3258; x_wconf 81' lang='lat' dir='ltr'><strong>motur</strong></span> <span class='ocrx_word' id='word_1_261' title='bbox 726 3204 755 3255; x_wconf 90' lang='lat' dir='ltr'><strong><em>in</em></strong></span> <span class='ocrx_word' id='word_1_262' title='bbox 778 3204 849 3257; x_wconf 83' lang='lat' dir='ltr'><strong>hane</strong></span> <span class='ocrx_word' id='word_1_263' title='bbox 861 3208 1028 3259; x_wconf 80' lang='lat' dir='ltr'><strong>voluntatem</strong></span> <span class='ocrx_word' id='word_1_264' title='bbox 1044 3205 1203 3257; x_wconf 75' lang='lat' dir='ltr'><strong>descendit-</strong></span> 
     </span>
     <span class='ocr_line' id='line_1_30' title="bbox 105 3273 1203 3347; baseline -0.003 -18"><span class='ocrx_word' id='word_1_265' title='bbox 105 3286 168 3330; x_wconf 74' lang='grc' dir='ltr'><strong><em>τετε</em></strong></span> <span class='ocrx_word' id='word_1_266' title='bbox 190 3292 263 3347; x_wconf 88' lang='lat' dir='ltr'><strong>quae</strong></span> <span class='ocrx_word' id='word_1_267' title='bbox 274 3276 297 3327; x_wconf 84' lang='grc' dir='ltr'><strong><em>εἰ</em></strong></span> <span class='ocrx_word' id='word_1_268' title='bbox 309 3276 365 3327; x_wconf 82' lang='lat' dir='ltr'><strong>ribi</strong></span> <span class='ocrx_word' id='word_1_269' title='bbox 378 3292 488 3347; x_wconf 86' lang='lat' dir='ltr'><strong>quoque</strong></span> <span class='ocrx_word' id='word_1_270' title='bbox 502 3273 576 3327; x_wconf 86' lang='lat' dir='ltr'><strong>baud</strong></span> <span class='ocrx_word' id='word_1_271' title='bbox 594 3276 710 3329; x_wconf 74' lang='lat' dir='ltr'><strong>absurda</strong></span> <span class='ocrx_word' id='word_1_272' title='bbox 728 3284 757 3327; x_wconf 83' lang='lat' dir='ltr'><strong><em>et</em></strong></span> <span class='ocrx_word' id='word_1_273' title='bbox 772 3275 806 3328; x_wconf 87' lang='lat' dir='ltr'><strong><em>ad</em></strong></span> <span class='ocrx_word' id='word_1_274' title='bbox 822 3276 904 3328; x_wconf 86' lang='lat' dir='ltr'><strong>fidem</strong></span> <span class='ocrx_word' id='word_1_275' title='bbox 922 3276 1012 3327; x_wconf 84' lang='lat' dir='ltr'><strong>valida</strong></span> <span class='ocrx_word' id='word_1_276' title='bbox 1027 3275 1203 3337; x_wconf 76' lang='lat' dir='ltr'><strong>ridebuntur,</strong></span> 
     </span>
     <span class='ocr_line' id='line_1_31' title="bbox 105 3345 1203 3411; baseline -0.001 -13"><span class='ocrx_word' id='word_1_277' title='bbox 105 3348 187 3399; x_wconf 82' lang='lat' dir='ltr'><strong>nitra</strong></span> <span class='ocrx_word' id='word_1_278' title='bbox 206 3362 263 3399; x_wconf 88' lang='lat' dir='ltr'><strong><em>non</em></strong></span> <span class='ocrx_word' id='word_1_279' title='bbox 284 3346 356 3409; x_wconf 84' lang='lat' dir='ltr'><strong>sore,</strong></span> <span class='ocrx_word' id='word_1_280' title='bbox 382 3363 430 3398; x_wconf 88' lang='lat' dir='ltr'><strong><em>eur</em></strong></span> <span class='ocrx_word' id='word_1_281' title='bbox 452 3347 482 3398; x_wconf 85' lang='lat' dir='ltr'><strong><em>in</em></strong></span> <span class='ocrx_word' id='word_1_282' title='bbox 505 3346 682 3399; x_wconf 76' lang='lat' dir='ltr'><strong>consultando</strong></span> <span class='ocrx_word' id='word_1_283' title='bbox 703 3364 719 3397; x_wconf 93' lang='grc' dir='ltr'><strong><em>ο</em></strong></span> <span class='ocrx_word' id='word_1_284' title='bbox 741 3362 787 3398; x_wconf 83' lang='lat' dir='ltr'><strong><em>era</em></strong></span> <span class='ocrx_word' id='word_1_285' title='bbox 811 3347 908 3399; x_wconf 75' lang='lat' dir='ltr'><strong>frustra</strong></span> <span class='ocrx_word' id='word_1_286' title='bbox 925 3356 1111 3411; x_wconf 55' lang='lat' dir='ltr'><strong>consumatum</strong></span> <span class='ocrx_word' id='word_1_287' title='bbox 1130 3345 1203 3399; x_wconf 85' lang='lat' dir='ltr'><strong>nibil</strong></span> 
     </span>
     <span class='ocr_line' id='line_1_32' title="bbox 105 3364 1203 3488; baseline -0.002 -18"><span class='ocrx_word' id='word_1_288' title='bbox 105 3419 190 3471; x_wconf 82' lang='lat' dir='ltr'><strong>eninr</strong></span> <span class='ocrx_word' id='word_1_289' title='bbox 208 3416 395 3479; x_wconf 76' lang='lat' dir='ltr'><strong>obstaturam,</strong></span> <span class='ocrx_word' id='word_1_290' title='bbox 414 3417 499 3488; x_wconf 89' lang='lat' dir='ltr'><strong>quin,</strong></span> <span class='ocrx_word' id='word_1_291' title='bbox 520 3433 589 3487; x_wconf 82' lang='lat' dir='ltr'><strong>quae</strong></span> <span class='ocrx_word' id='word_1_292' title='bbox 608 3417 679 3469; x_wconf 88' lang='lat' dir='ltr'><strong>bene</strong></span> <span class='ocrx_word' id='word_1_293' title='bbox 691 3364 791 3469; x_wconf 79' lang='lat' dir='ltr'><strong>babere</strong></span> <span class='ocrx_word' id='word_1_294' title='bbox 805 3418 862 3468; x_wconf 76' lang='lat' dir='ltr'><strong>rire</strong></span> <span class='ocrx_word' id='word_1_295' title='bbox 880 3416 949 3478; x_wconf 79' lang='lat' dir='ltr'><strong>rint,</strong></span> <span class='ocrx_word' id='word_1_296' title='bbox 966 3424 1135 3486; x_wconf 76' lang='lat' dir='ltr'><strong><em>peragantur.</em></strong></span> <span class='ocrx_word' id='word_1_297' title='bbox 1172 3415 1203 3468; x_wconf 87' lang='lat' dir='ltr'><strong><em>Si</em></strong></span> 
     </span>
     <span class='ocr_line' id='line_1_33' title="bbox 103 3486 1202 3555; baseline -0.005 -13"><span class='ocrx_word' id='word_1_298' title='bbox 103 3504 179 3542; x_wconf 76' lang='lat' dir='ltr'><strong>vero</strong></span> <span class='ocrx_word' id='word_1_299' title='bbox 198 3487 268 3538; x_wconf 85' lang='lat' dir='ltr'><strong>talia</strong></span> <span class='ocrx_word' id='word_1_300' title='bbox 285 3502 341 3537; x_wconf 91' lang='lat' dir='ltr'><strong><em>uon</em></strong></span> <span class='ocrx_word' id='word_1_301' title='bbox 359 3486 546 3555; x_wconf 83' lang='lat' dir='ltr'><strong>reperientur,</strong></span> <span class='ocrx_word' id='word_1_302' title='bbox 564 3495 621 3538; x_wconf 89' lang='lat' dir='ltr'><strong><em>tum</em></strong></span> <span class='ocrx_word' id='word_1_303' title='bbox 633 3487 750 3539; x_wconf 74' lang='lat' dir='ltr'><strong>vicissim</strong></span> <span class='ocrx_word' id='word_1_304' title='bbox 771 3503 805 3537; x_wconf 84' lang='lat' dir='ltr'><strong><em>ex</em></strong></span> <span class='ocrx_word' id='word_1_305' title='bbox 828 3488 912 3539; x_wconf 82' lang='lat' dir='ltr'><strong>attera</strong></span> <span class='ocrx_word' id='word_1_306' title='bbox 921 3494 998 3555; x_wconf 88' lang='lat' dir='ltr'><strong>parte</strong></span> <span class='ocrx_word' id='word_1_307' title='bbox 1014 3504 1043 3538; x_wconf 81' lang='lat' dir='ltr'><strong><em>re</em></strong></span> <span class='ocrx_word' id='word_1_308' title='bbox 1065 3486 1202 3550; x_wconf 84' lang='lat' dir='ltr'><strong>rationer,</strong></span> 
     </span>
     <span class='ocr_line' id='line_1_34' title="bbox 102 3555 1201 3629; baseline -0.001 -20"><span class='ocrx_word' id='word_1_309' title='bbox 102 3565 231 3629; x_wconf 86' lang='lat' dir='ltr'><strong>propter</strong></span> <span class='ocrx_word' id='word_1_310' title='bbox 255 3572 321 3626; x_wconf 79' lang='lat' dir='ltr'><strong>quar</strong></span> <span class='ocrx_word' id='word_1_311' title='bbox 348 3555 445 3607; x_wconf 85' lang='lat' dir='ltr'><strong>tactum</strong></span> <span class='ocrx_word' id='word_1_312' title='bbox 470 3574 526 3607; x_wconf 90' lang='lat' dir='ltr'><strong><em>non</em></strong></span> <span class='ocrx_word' id='word_1_313' title='bbox 537 3558 710 3623; x_wconf 82' lang='lat' dir='ltr'><strong>profuturum</strong></span> <span class='ocrx_word' id='word_1_314' title='bbox 732 3555 894 3619; x_wconf 86' lang='lat' dir='ltr'><strong>arbitretur,</strong></span> <span class='ocrx_word' id='word_1_315' title='bbox 912 3556 1115 3623; x_wconf 71' lang='lat' dir='ltr'><strong>expositarum</strong></span> <span class='ocrx_word' id='word_1_316' title='bbox 1134 3573 1201 3627; x_wconf 80' lang='lat' dir='ltr'><strong>quoa</strong></span> 
     </span>
     <span class='ocr_line' id='line_1_35' title="bbox 102 3624 1201 3695; baseline -0.006 -12"><span class='ocrx_word' id='word_1_317' title='bbox 102 3633 129 3683; x_wconf 81' lang='lat' dir='ltr'><strong>ri</strong></span> <span class='ocrx_word' id='word_1_318' title='bbox 141 3646 159 3681; x_wconf 79' lang='lat' dir='ltr'><strong>a</strong></span> <span class='ocrx_word' id='word_1_319' title='bbox 174 3634 253 3679; x_wconf 84' lang='lat' dir='ltr'><strong>recto</strong></span> <span class='ocrx_word' id='word_1_320' title='bbox 275 3634 303 3677; x_wconf 85' lang='lat' dir='ltr'><strong><em>et</em></strong></span> <span class='ocrx_word' id='word_1_321' title='bbox 316 3627 387 3677; x_wconf 84' lang='lat' dir='ltr'><strong>inato</strong></span> <span class='ocrx_word' id='word_1_322' title='bbox 406 3632 480 3694; x_wconf 75' lang='lat' dir='ltr'><strong>apta·</strong></span> <span class='ocrx_word' id='word_1_323' title='bbox 496 3624 633 3687; x_wconf 84' lang='lat' dir='ltr'><strong>iudicarit,</strong></span> <span class='ocrx_word' id='word_1_324' title='bbox 653 3626 824 3695; x_wconf 85' lang='lat' dir='ltr'><strong>obtemperet</strong></span> <span class='ocrx_word' id='word_1_325' title='bbox 840 3634 869 3678; x_wconf 88' lang='lat' dir='ltr'><strong><em>et</em></strong></span> <span class='ocrx_word' id='word_1_326' title='bbox 884 3633 977 3677; x_wconf 82' lang='lat' dir='ltr'><strong>eontra</strong></span> <span class='ocrx_word' id='word_1_327' title='bbox 994 3627 1110 3678; x_wconf 87' lang='lat' dir='ltr'><strong>officium</strong></span> <span class='ocrx_word' id='word_1_328' title='bbox 1126 3643 1201 3678; x_wconf 89' lang='lat' dir='ltr'><strong>com-</strong></span> 
     </span>
     <span class='ocr_line' id='line_1_36' title="bbox 101 3690 1204 3766; baseline -0.002 -14"><span class='ocrx_word' id='word_1_329' title='bbox 101 3690 339 3764; x_wconf 83' lang='lat' dir='ltr'><strong>mittere¹pareat</strong></span> <span class='ocrx_word' id='word_1_330' title='bbox 376 3694 458 3765; x_wconf 84' lang='lat' dir='ltr'><strong>Quod</strong></span> <span class='ocrx_word' id='word_1_331' title='bbox 476 3696 499 3745; x_wconf 85' lang='grc' dir='ltr'><strong><em>εἰ</em></strong></span> <span class='ocrx_word' id='word_1_332' title='bbox 517 3696 582 3745; x_wconf 77' lang='lat' dir='ltr'><strong>ratis</strong></span> <span class='ocrx_word' id='word_1_333' title='bbox 596 3696 695 3747; x_wconf 80' lang='lat' dir='ltr'><strong>virium</strong></span> <span class='ocrx_word' id='word_1_334' title='bbox 716 3698 750 3749; x_wconf 79' lang='lat' dir='ltr'><strong><em>ud</em></strong></span> <span class='ocrx_word' id='word_1_335' title='bbox 765 3694 983 3766; x_wconf 81' lang='lat' dir='ltr'><strong>pertundendum</strong></span> <span class='ocrx_word' id='word_1_336' title='bbox 992 3714 1049 3748; x_wconf 91' lang='lat' dir='ltr'><strong><em>non</em></strong></span> <span class='ocrx_word' id='word_1_337' title='bbox 1060 3694 1204 3750; x_wconf 80' lang='lat' dir='ltr'><strong>habebunt</strong></span> 
     </span>
     <span class='ocr_line' id='line_1_37' title="bbox 100 3766 1202 3847; baseline -0.004 -24"><span class='ocrx_word' id='word_1_338' title='bbox 100 3768 258 3847; x_wconf 80' lang='lat' dir='ltr'><strong>fueritque</strong></span> <span class='ocrx_word' id='word_1_339' title='bbox 282 3774 373 3835; x_wconf 74' lang='lat' dir='ltr'><strong>pugna</strong></span> <span class='ocrx_word' id='word_1_340' title='bbox 396 3781 513 3834; x_wconf 84' lang='lat' dir='ltr'><strong>aueepr.</strong></span> <span class='ocrx_word' id='word_1_341' title='bbox 537 3771 596 3816; x_wconf 84' lang='lat' dir='ltr'><strong>tuna</strong></span> <span class='ocrx_word' id='word_1_342' title='bbox 618 3782 646 3817; x_wconf 83' lang='lat' dir='ltr'><strong><em>ae</em></strong></span> <span class='ocrx_word' id='word_1_343' title='bbox 664 3768 806 3818; x_wconf 79' lang='lat' dir='ltr'><strong>victoriam</strong></span> <span class='ocrx_word' id='word_1_344' title='bbox 829 3766 871 3818; x_wconf 84' lang='lat' dir='ltr'><strong>itti</strong></span> <span class='ocrx_word' id='word_1_345' title='bbox 891 3782 1042 3830; x_wconf 71' lang='lat' dir='ltr'><strong>cessurum,</strong></span> <span class='ocrx_word' id='word_1_346' title='bbox 1065 3768 1202 3837; x_wconf 86' lang='lat' dir='ltr'><strong>quomodo</strong></span> 
     </span>
     <span class='ocr_line' id='line_1_38' title="bbox 99 3836 1203 3898; baseline 0 -10"><span class='ocrx_word' id='word_1_347' title='bbox 99 3838 298 3892; x_wconf 74' lang='lat' dir='ltr'><strong>Athenienaer</strong></span> <span class='ocrx_word' id='word_1_348' title='bbox 315 3837 402 3888; x_wconf 85' lang='lat' dir='ltr'><strong>tolere</strong></span> <span class='ocrx_word' id='word_1_349' title='bbox 418 3836 488 3887; x_wconf 77' lang='lat' dir='ltr'><strong>sarna</strong></span> <span class='ocrx_word' id='word_1_350' title='bbox 511 3840 565 3898; x_wconf 84' lang='lat' dir='ltr'><strong>eat,</strong></span> <span class='ocrx_word' id='word_1_351' title='bbox 586 3852 644 3886; x_wconf 83' lang='lat' dir='ltr'><strong>cunr</strong></span> <span class='ocrx_word' id='word_1_352' title='bbox 659 3836 799 3889; x_wconf 85' lang='lat' dir='ltr'><strong>Minervae</strong></span> <span class='ocrx_word' id='word_1_353' title='bbox 816 3836 932 3887; x_wconf 74' lang='lat' dir='ltr'><strong>calcatur</strong></span> <span class='ocrx_word' id='word_1_354' title='bbox 949 3838 1098 3890; x_wconf 74' lang='lat' dir='ltr'><strong>accesserit</strong></span> <span class='ocrx_word' id='word_1_355' title='bbox 1134 3837 1203 3889; x_wconf 82' lang='lat' dir='ltr'><strong>Corn</strong></span> 
     </span>
     <span class='ocr_line' id='line_1_39' title="bbox 100 3905 1203 3981; baseline 0.002 -23"><span class='ocrx_word' id='word_1_356' title='bbox 100 3910 201 3981; x_wconf 72' lang='lat' dir='ltr'><strong>igitur</strong></span> <span class='ocrx_word' id='word_1_357' title='bbox 220 3906 273 3957; x_wconf 87' lang='lat' dir='ltr'><strong>tria</strong></span> <span class='ocrx_word' id='word_1_358' title='bbox 287 3908 343 3958; x_wconf 83' lang='lat' dir='ltr'><strong>aiut</strong></span> <span class='ocrx_word' id='word_1_359' title='bbox 355 3906 534 3974; x_wconf 77' lang='lat' dir='ltr'><strong>potissimum,</strong></span> <span class='ocrx_word' id='word_1_360' title='bbox 553 3922 623 3977; x_wconf 91' lang='lat' dir='ltr'><strong>quae</strong></span> <span class='ocrx_word' id='word_1_361' title='bbox 636 3914 663 3957; x_wconf 86' lang='lat' dir='ltr'><strong><em>te</em></strong></span> <span class='ocrx_word' id='word_1_362' title='bbox 678 3905 712 3957; x_wconf 90' lang='lat' dir='ltr'><strong><em>ad</em></strong></span> <span class='ocrx_word' id='word_1_363' title='bbox 729 3906 936 3975; x_wconf 84' lang='lat' dir='ltr'><strong>poenitudinem</strong></span> <span class='ocrx_word' id='word_1_364' title='bbox 953 3908 1018 3960; x_wconf 80' lang='lat' dir='ltr'><strong>faeti</strong></span> <span class='ocrx_word' id='word_1_365' title='bbox 1034 3909 1141 3976; x_wconf 75' lang='lat' dir='ltr'><strong>possint</strong></span> <span class='ocrx_word' id='word_1_366' title='bbox 1156 3908 1203 3960; x_wconf 87' lang='lat' dir='ltr'><strong>in·-</strong></span> 
     </span>
     <span class='ocr_line' id='line_1_40' title="bbox 100 3974 1202 4047; baseline -0.005 -14"><span class='ocrx_word' id='word_1_367' title='bbox 100 3978 237 4033; x_wconf 80' lang='lat' dir='ltr'><strong>dueere:</strong></span> <span class='ocrx_word' id='word_1_368' title='bbox 257 3977 330 4047; x_wconf 88' lang='lat' dir='ltr'><strong>quod</strong></span> <span class='ocrx_word' id='word_1_369' title='bbox 348 3994 404 4029; x_wconf 89' lang='lat' dir='ltr'><strong><em>uon</em></strong></span> <span class='ocrx_word' id='word_1_370' title='bbox 422 3979 493 4027; x_wconf 85' lang='lat' dir='ltr'><strong>iuate</strong></span> <span class='ocrx_word' id='word_1_371' title='bbox 509 3975 628 4041; x_wconf 68' lang='lat' dir='ltr'><strong>iactum</strong></span> <span class='ocrx_word' id='word_1_372' title='bbox 647 3974 721 4045; x_wconf 86' lang='lat' dir='ltr'><strong>quod</strong></span> <span class='ocrx_word' id='word_1_373' title='bbox 733 3994 790 4027; x_wconf 87' lang='lat' dir='ltr'><strong><em>nou</em></strong></span> <span class='ocrx_word' id='word_1_374' title='bbox 803 3992 863 4027; x_wconf 84' lang='lat' dir='ltr'><strong>cunr</strong></span> <span class='ocrx_word' id='word_1_375' title='bbox 884 3977 1004 4029; x_wconf 77' lang='lat' dir='ltr'><strong>utilitate</strong></span> <span class='ocrx_word' id='word_1_376' title='bbox 1018 3978 1202 4047; x_wconf 78' lang='lat' dir='ltr'><strong>reipublicae3</strong></span> 
     </span>
     <span class='ocr_line' id='line_1_41' title="bbox 104 4044 1202 4121; baseline -0.002 -22"><span class='ocrx_word' id='word_1_377' title='bbox 104 4044 196 4121; x_wconf 85' lang='lat' dir='ltr'><strong>qnod</strong></span> <span class='ocrx_word' id='word_1_378' title='bbox 220 4046 355 4098; x_wconf 81' lang='lat' dir='ltr'><strong>nonnulla</strong></span> <span class='ocrx_word' id='word_1_379' title='bbox 377 4046 529 4099; x_wconf 73' lang='lat' dir='ltr'><strong>necessaria</strong></span> <span class='ocrx_word' id='word_1_380' title='bbox 551 4048 738 4117; x_wconf 73' lang='lat' dir='ltr'><strong>negligantur,</strong></span> <span class='ocrx_word' id='word_1_381' title='bbox 763 4046 893 4116; x_wconf 87' lang='lat' dir='ltr'><strong>quoniam</strong></span> <span class='ocrx_word' id='word_1_382' title='bbox 910 4062 976 4098; x_wconf 82' lang='lat' dir='ltr'><strong>arna</strong></span> <span class='ocrx_word' id='word_1_383' title='bbox 996 4065 1052 4099; x_wconf 92' lang='lat' dir='ltr'><strong><em>non</em></strong></span> <span class='ocrx_word' id='word_1_384' title='bbox 1070 4048 1202 4116; x_wconf 77' lang='lat' dir='ltr'><strong>imperet3</strong></span> 
     </span>
     <span class='ocr_line' id='line_1_42' title="bbox 103 4114 1271 4187; baseline -0.003 -16"><span class='ocrx_word' id='word_1_385' title='bbox 103 4115 337 4185; x_wconf 83' lang='lat' dir='ltr'><strong>unumquodque</strong></span> <span class='ocrx_word' id='word_1_386' title='bbox 355 4132 460 4179; x_wconf 81' lang='lat' dir='ltr'><strong>eorum,</strong></span> <span class='ocrx_word' id='word_1_387' title='bbox 477 4124 606 4185; x_wconf 86' lang='lat' dir='ltr'><strong>quantum</strong></span> <span class='ocrx_word' id='word_1_388' title='bbox 623 4114 908 4184; x_wconf 80' lang='lat' dir='ltr'><strong>valeatdiapioiarnna.</strong></span> <span class='ocrx_word' id='word_1_389' title='bbox 944 4119 983 4170; x_wconf 83' lang='grc' dir='ltr'><strong><em>Λο</em></strong></span> <span class='ocrx_word' id='word_1_390' title='bbox 998 4118 1117 4187; x_wconf 86' lang='lat' dir='ltr'><strong>primunr</strong></span> <span class='ocrx_word' id='word_1_391' title='bbox 1136 4116 1203 4185; x_wconf 86' lang='lat' dir='ltr'><strong>qni·</strong></span> <span class='ocrx_word' id='word_1_392' title='bbox 1257 4130 1271 4152; x_wconf 60' lang='grc' dir='ltr'><strong><em>τ</em></strong></span> 
     </span>
     <span class='ocr_line' id='line_1_43' title="bbox 101 4184 1202 4248; baseline -0.005 -7"><span class='ocrx_word' id='word_1_393' title='bbox 101 4188 177 4241; x_wconf 82' lang='lat' dir='ltr'><strong><em>dem</em></strong></span> <span class='ocrx_word' id='word_1_394' title='bbox 192 4202 274 4239; x_wconf 86' lang='lat' dir='ltr'><strong>uerno</strong></span> <span class='ocrx_word' id='word_1_395' title='bbox 292 4184 360 4239; x_wconf 86' lang='lat' dir='ltr'><strong>mibi</strong></span> <span class='ocrx_word' id='word_1_396' title='bbox 377 4204 432 4238; x_wconf 90' lang='lat' dir='ltr'><strong><em>non</em></strong></span> <span class='ocrx_word' id='word_1_397' title='bbox 448 4188 630 4248; x_wconf 74' lang='lat' dir='ltr'><strong>nrrmtietur,</strong></span> <span class='ocrx_word' id='word_1_398' title='bbox 648 4186 797 4238; x_wconf 74' lang='lat' dir='ltr'><strong>iustiorime</strong></span> <span class='ocrx_word' id='word_1_399' title='bbox 810 4186 858 4238; x_wconf 84' lang='lat' dir='ltr'><strong><em>aba</em></strong></span> <span class='ocrx_word' id='word_1_400' title='bbox 875 4194 903 4239; x_wconf 90' lang='lat' dir='ltr'><strong><em>te</em></strong></span> <span class='ocrx_word' id='word_1_401' title='bbox 920 4186 1029 4239; x_wconf 82' lang='lat' dir='ltr'><strong>iaetrrrn.</strong></span> <span class='ocrx_word' id='word_1_402' title='bbox 1064 4187 1107 4238; x_wconf 85' lang='lat' dir='ltr'><strong><em>Tu</em></strong></span> <span class='ocrx_word' id='word_1_403' title='bbox 1126 4185 1202 4236; x_wconf 84' lang='lat' dir='ltr'><strong>enirn</strong></span> 
     </span>
     <span class='ocr_line' id='line_1_44' title="bbox 99 4254 1203 4328; baseline -0.006 -15"><span class='ocrx_word' id='word_1_404' title='bbox 99 4256 224 4313; x_wconf 80' lang='lat' dir='ltr'><strong>bellurn</strong></span> <span class='ocrx_word' id='word_1_405' title='bbox 240 4274 296 4310; x_wconf 87' lang='lat' dir='ltr'><strong><em>noa</em></strong></span> <span class='ocrx_word' id='word_1_406' title='bbox 316 4255 460 4326; x_wconf 81' lang='lat' dir='ltr'><strong>inreptrtir</strong></span> <span class='ocrx_word' id='word_1_407' title='bbox 483 4254 532 4311; x_wconf 79' lang='lat' dir='ltr'><strong>real</strong></span> <span class='ocrx_word' id='word_1_408' title='bbox 554 4256 590 4309; x_wconf 85' lang='lat' dir='ltr'><strong><em>ab</em></strong></span> <span class='ocrx_word' id='word_1_409' title='bbox 612 4256 662 4310; x_wconf 82' lang='lat' dir='ltr'><strong>iilo</strong></span> <span class='ocrx_word' id='word_1_410' title='bbox 680 4257 835 4328; x_wconf 70' lang='lat' dir='ltr'><strong>inceptum,</strong></span> <span class='ocrx_word' id='word_1_411' title='bbox 855 4264 965 4311; x_wconf 75' lang='grc' dir='ltr'><strong><em>ιοτωιιι</em></strong></span> <span class='ocrx_word' id='word_1_412' title='bbox 985 4272 1014 4309; x_wconf 80' lang='lat' dir='ltr'><strong><em>er</em></strong></span> <span class='ocrx_word' id='word_1_413' title='bbox 1031 4268 1134 4325; x_wconf 69' lang='lat' dir='ltr'><strong>gerere.</strong></span> <span class='ocrx_word' id='word_1_414' title='bbox 1166 4254 1203 4307; x_wconf 75' lang='lat' dir='ltr'><strong><em>Et</em></strong></span> 
     </span>
    </p>
   </div>
   <div class='ocr_carea' id='block_1_5' title="bbox 186 4352 1005 4425">
    <p class='ocr_par' dir='ltr' id='par_1_5' title="bbox 186 4352 1005 4425">
     <span class='ocr_line' id='line_1_45' title="bbox 186 4352 1005 4425; baseline 0.004 -15"><span class='ocrx_word' id='word_1_415' title='bbox 186 4358 409 4413; x_wconf 73' lang='grc' dir='ltr'><strong><em>ΰοιιεειιιτεπιιι.</em></strong></span> <span class='ocrx_word' id='word_1_416' title='bbox 971 4352 1005 4425; x_wconf 66' lang='lat'><strong><em>35</em></strong></span> 
     </span>
    </p>
   </div>
   <div class='ocr_carea' id='block_1_6' title="bbox 0 0 1518 4900">
    <p class='ocr_par' dir='ltr' id='par_1_6' title="bbox 0 0 1518 4900">
     <span class='ocr_line' id='line_1_46' title="bbox 0 0 1518 4900; baseline 0 4"><span class='ocrx_word' id='word_1_417' title='bbox 0 0 1518 4900; x_wconf 95' lang='lat' dir='ltr'><strong><em> </em></strong></span> 
     </span>
    </p>
   </div>
  </div>
 </body>
</html>
