3025 4900
537 309 776 377 PRAEFATIO.

127 475 208 540 baad
231 475 316 542 leves
336 497 533 564 perpessam,
566 475 676 544 eruditi
701 503 765 544 non
785 482 931 546 nminat.
968 478 1138 550 ‘Addamus
1158 485 1217 550 boe

124 597 183 660 pro
199 577 373 647 corollario.
414 581 589 643 Genuenses
626 592 656 644 et
686 582 797 645 Veneti
823 581 921 647 multe
943 583 995 647 bio
1013 583 1054 648 ab
1074 582 1141 649 aliis
1166 587 1216 650 bi·

124 677 243 739 storicis
262 679 327 739 suis
347 681 578 762 praetermissa,
610 691 664 742 aut
683 700 841 766 nunqnam
857 685 978 766 cognite
998 684 1038 746 de
1050 686 1217 749 maioribus

123 776 208 853 suis,
244 795 412 859 eorumque
432 780 546 840 virmte
590 779 621 840 e‘t
656 778 740 840 facus
765 779 883 863 legere,
911 791 944 844 et
968 781 1119 867 quaedam
1138 785 1217 860 salo

122 873 164 936 de
184 873 292 935 iisdem
316 875 462 938 haetenus
483 878 596 961 scripta
621 877 848 960 deprehendere
864 889 1017 966 potem

207 981 334 1060 Restat,
355 989 391 1040 ut
405 997 485 1059 quae
500 997 557 1038 nos
579 973 630 1038 vel
651 981 874 1061 praestitimus,
901 979 950 1044 vel
964 991 1120 1065 praestum
1139 1003 1215 1048 oon·
1274 977 1278 985 ’

119 1078 296 1158 tendimus,
317 1077 495 1141 indicemus.
536 1077 574 1140 In
593 1077 820 1160 interpretando
829 1093 913 1142 eam·
930 1084 1059 1163 speeiem
1082 1103 1142 1167 pro
1160 1105 1219 1148 oa·-

123 1191 180 1263 ptu
200 1189 308 1240 nosuo
331 1179 494 1238 consectati
519 1194 643 1256 sumus,
671 1197 765 1260 qnam
788 1198 824 1239 ex
848 1197 955 1240 eorum
980 1179 1127 1262 lectione,
1158 1185 1214 1267 qui

124 1277 163 1338 de
177 1279 296 1360 optimo
317 1297 428 1361 genere
448 1275 662 1359 interpretandi
684 1288 915 1361 praeceperant,
936 1278 1146 1365 bonomrnqoe
1163 1286 1213 1345 in·

123 1387 292 1459 terpretum
313 1373 525 1438 observatione
545 1385 645 1436 mente
675 1386 853 1459 conceptam
895 1387 988 1464 atque
1018 1378 1213 1446 informatam

122 1477 321 1538 tenebamus:
355 1492 436 1560 quae
463 1471 631 1536 cuiusmodi
660 1475 720 1554 sit,
759 1475 782 1539 ii
807 1478 999 1559 potissimum
1025 1477 1211 1564 intelligunt,

122 1595 255 1658 quorum
274 1573 425 1636 industria
443 1577 476 1639 in
499 1571 606 1636 eodem
628 1573 782 1637 marcus
801 1595 836 1642 se
853 1574 1017 1660 aliquando
1037 1577 1210 1662 explicavit.

122 1675 264 1737 Codicern
279 1693 427 1758 perquam
450 1671 649 1754 mendosum,
681 1673 1067 1759 maleque'interpunctum
1091 1683 1211 1765 accepi.

116 1795 211 1837 mus:
234 1785 268 1836 ut
283 1773 421 1835 divinare
450 1783 481 1834 et
494 1772 834 1862 coniicerel'requenter
853 1780 1034 1858 oportuerit.
1075 1777 1210 1844 Nomina

115 1869 275 1952 beorum,
299 1891 377 1956 quae
398 1892 454 1936 nec
473 1873 718 1956 diligentissime
741 1872 877 1938 (li-telios
899 1877 1001 1938 omnia
1022 1875 1156 1962 collegit,
1177 1891 1209 1942 et

113 1991 329 2056 personarum,
343 1991 421 2055 quae
434 1969 484 2034 vel
500 1971 627 2035 Graecia
640 1974 702 2034 iam
714 1971 855 2036 occidens
868 1983 900 2036 et
921 1976 1207 2060 βεβαρβαρωμένη,

113 2071 165 2135 vel
187 2071 384 2133 librariorum
413 2073 572 2136 oscitantia
594 2071 799 2154 depravarat,
836 2071 948 2136 alieubi
974 2073 1014 2136 de
1033 2078 1208 2139 coniectura

113 2165 357 2252 emmda'vimus,
380 2169 468 2252 (nam
483 2174 536 2258 qni
550 2173 687 2234 omnium
700 2190 813 2235 reram
826 2183 859 2234 et
873 2192 1048 2256 gamanam
1074 2177 1207 2258 seriptu-

111 2293 181 2334 ram
204 2269 403 2333 coniectando
425 2274 522 2354 possit
539 2274 679 2355 assequi,
719 2287 775 2358 ego
795 2273 918 2362 quidem
936 2273 1073 2335 flrtumm
1093 2276 1210 2357 opinor.

111 2371 292 2453 neminem)
305 2373 416 2434 amima
434 2370 582 2458 quaedam
595 2370 824 2455 supplevimus:
847 2375 879 2435 in
893 2373 1028 2457 singrrlos
1041 2371 1136 2436 libres
1148 2395 1205 2458 pe·

111 2470 234 2534 riochas
264 2492 318 2533 eeu
341 2474 487 2555 epitomas
507 2474 760 2555 conscripsimus,
780 2484 857 2556 quas
879 2483 910 2535 et
932 2471 1050 2535 lecturo
1069 2475 1109 2535 ad
1123 2492 1203 2558 αρα-

110 2563 330 2653 παρασαεαὴν,
351 2581 382 2632 et
397 2574 425 2632 ei
440 2573 493 2654 qui
506 2573 568 2635 iam
582 2570 666 2654 legit,
689 2567 729 2633 ad
743 2563 1019 2655 ἀνακεφαλαίωσιν
1032 2570 1122 2635 utiles
1137 2574 1203 2636 sore
1273 2587 1276 2600 '

108 2668 310 2731 conminus:
343 2668 459 2732 relictis
488 2670 673 2733 sectionibus
693 2672 787 2757 (quas
818 2674 849 2732 in
874 2670 1027 2755 plerisque
1045 2672 1203 2734 codicibus
1340 2722 1345 2731 .

107 2771 177 2831 aire
197 2766 313 2831 scribas
345 2772 415 2832 sive'
430 2766 575 2849 lectores·;
596 2786 659 2833 non
680 2772 763 2853 ipsos
790 2780 929 2833 auctores
955 2774 1138 2855 eroogitasse
1170 2782 1203 2834 et

108 2866 287 2929 adhibuisse
299 2868 384 2951 reor)
405 2867 488 2952 quod
502 2866 593 2931 modo
606 2866 857 2948 nimiscrebree,
880 2868 973 2932 modo
993 2873 1085 2932 ninas
1098 2890 1199 2952 rarae,

107 2968 233 3048 saepius
245 2979 455 3051 argumentum
475 2969 526 3031 vix
539 2986 575 3029 ex
588 2970 699 3028 triente
718 2966 1020 3049 comprehenderent,
1039 2972 1072 3029 in
1086 2973 1199 3051 capita,

107 3084 197 3127 more
210 3066 403 3147 Latinorum,
416 3076 515 3129 toturn
529 3082 643 3151 corpus
654 3062 831 3145 divisimus,
850 3076 887 3128 ot
899 3076 1048 3148 qnantum
1070 3069 1200 3128 maxime

106 3184 279 3246 possemus,
296 3165 401 3229 lectori
415 3166 517 3229 lumen
530 3162 816 3251 praepandeaemns.
850 3165 947 3226 Locos
960 3162 1077 3249 aliquot
1088 3186 1198 3247 pamm

107 3286 218 3343 sanos,
238 3270 399 3350 praetextis
414 3268 527 3351 inipso
547 3276 688 3329 contextu
701 3263 1025 3344 animadversionibus,
1047 3266 1197 3349 perstrin-

44 3430 53 3455 ,
107 3368 226 3447 ximus,
254 3388 331 3450 quas
345 3368 468 3449 quidem
489 3377 596 3451 rogatu
610 3374 715 3427 nostro
736 3364 865 3426 lacobus
878 3366 1061 3443 Gretserus,
1091 3366 1195 3431 Socie-

105 3468 177 3529 tatis
190 3478 314 3530 nostrae
335 3468 527 3551 Theologus,
549 3476 580 3528 et
599 3468 631 3527 in
646 3462 812 3527 Academia
834 3462 1057 3547 lngolstadiana
1076 3452 1195 3549 pruses·

104 3588 160 3629 sor
173 3560 364 3648 ordinariis,
392 3562 581 3650 conseripsit.
622 3564 665 3626 Et
686 3563 762 3625 haee
777 3562 922 3643 fecimus,
954 3566 1056 3646 megis'
1071 3574 1107 3625 ut
1120 3576 1193 3627 can‘·

104 3666 214 3728 dorem
226 3678 363 3731 nostum
377 3668 466 3729 bonis
480 3667 554 3727 viris
568 3662 777 3747 probaremus,
792 3677 884 3746 quam
899 3662 981 3746 qnod
989 3662 1060 3742 illa,
1075 3664 1194 3746 qoalla'·

102 3778 328 3849 conquassat,
350 3768 410 3829 boc
429 3765 551 3850 quidem
566 3758 708 3841 saeculo,
737 3773 773 3823 et
789 3764 822 3821 in
845 3760 894 3823 bis
912 3762 1197 3845 teneatque-

102 3886 197 3948 quam
228 3867 423 3928 inficiendum
458 3862 746 3947 depravandumque
780 3861 911 3922 valitura
949 3862 1190 3923 fortnidaiemus.
1285 3934 1290 3941 ⁴

102 3968 182 4045 Quis
196 3969 276 4029 enim
290 3970 408 4044 nescit,
436 3968 527 4031 etiam
542 3966 594 4048 qui
614 3960 729 4024 litteras
743 3979 814 4021 non·
827 3960 944 4037 didicit,
965 3983 1028 4021 non
1044 3966 1191 4043 tnm²prl4

100 4086 210 4145 marm,
233 4066 447 4150 propendente
457 4065 570 4127 scilicet
590 4065 650 4123 iam
665 4060 704 4122 ad
719 4062 1019 4143 oceasum-imperio,
1043 4060 1099 4121 sed
1109 4060 1190 4122 mul-

99 4168 139 4227 tis
151 4176 225 4229 ante
237 4186 393 4232 annorum
407 4167 549 4228 centrariis
561 4209 571 4246 ,
592 4182 688 4246 paene
708 4171 777 4244 post
797 4161 1076 4244 octingentesimum
1088 4161 1189 4223 statim
