3025 4900
277 325 300 396 l,
329 317 508 384 rott'rsffl
536 317 792 388 ffltsttsrto
821 320 1091 386 Dtottttsttsst.
1152 325 1245 390 xxxl

164 489 238 556 tant,
263 475 591 560 habam-pedisequum
614 497 729 554 unam,
751 477 804 560 qui
819 488 933 539 vestem
946 477 1119 540 huiusmodi
1172 491 1246 562 rtat,

163 563 264 624 ceteris
278 559 557 644 superiniiciendam
567 562 767 636 vestimentis,
782 561 807 620 si
820 564 889 622 atita
898 570 1015 622 mnmto
1024 562 1103 622 fone
1115 584 1136 644 p
1147 576 1212 626 nat.

237 643 352 724 Μέγας
370 641 565 722 δομέοτικος,
587 644 723 722 Magnus
738 641 937 704 domesticus.
959 645 1053 705 Varia
1067 647 1131 706 eius
1147 645 1246 710 officia

159 726 237 810 apud
251 725 468 808 Curopalatam
494 725 565 786 vide
584 726 681 788 variis
696 723 782 786 locis.
822 725 943 787 Nomen
957 728 1114 788 domestici
1128 728 1169 789 ad
1181 728 1247 812 plu·

158 831 204 870 res
217 810 376 892 dignitates
418 808 587 886 ertinebat,
608 829 686 890 quae
699 807 842 868 adiuncto
860 809 1129 893 discernebantur,
1150 823 1185 872 ut
1198 833 1246 874 co·

157 913 293 975 gnosces,
308 915 326 955 a
340 831 450 975 qutlu
461 895 563 973 magni
579 892 734 954 domestici
748 893 946 976 praecipuum
964 895 1113 975 extitisse,
1132 915 1246 958 nomen

157 979 251 1060 ipsum
265 996 397 1056 magnus
411 975 571 1058 significat.

233 1052 513 1142 Πρωτοατράταρ,
530 1057 762 1122 Protostrotor.
806 1054 943 1119 Absente
955 1078 1067 1144 magno
1080 1060 1245 1126 domestico

156 1142 211 1204 fert
224 1143 418 1226 imperatoris
439 1140 590 1224 matham.
632 1140 711 1201 Cum
731 1143 835 1220 itaque
856 1142 1021 1224 imperator
1041 1155 1087 1206 est
1106 1167 1245 1208 conscen-

156 1245 240 1286 surus
252 1245 380 1309 equum,
402 1229 513 1285 comite
528 1244 676 1307 equorum
691 1225 882 1306 imperatoris
896 1224 1063 1289 adducente
1077 1239 1108 1289 ct
1124 1240 1246 1294 tenente

155 1307 819 1452 idiibffiilmum‘iilidl‘iii*
837 1311 1246 1457 llifflmlpoehffldiiff

154 1471 198 1536 lae
207 1473 325 1556 palatii.
368 1409 488 1534 Dediunde
501 1411 648 1557 recipiens
663 1493 735 1534 eum
746 1409 876 1555 mugile
893 1495 911 1534 c
1013 1407 1245 1555 amffludt

154 1555 234 1618 freno
256 1557 299 1620 ad
362 1569 442 1618 rtam
456 1575 553 1639 usque
567 1555 667 1618 aulae.
710 1555 856 1616 Similiter
866 1558 957 1618 etiam
972 1558 1055 1637 facit,
1070 1581 1140 1620 curn
1153 1563 1245 1644 impe·

155 1650 233 1701 rator
252 1577 385 1723 pedibons
406 1643 505 1702 itums
519 1649 577 1719 est,
600 1659 691 1724 agens
704 1636 847 1700 videlicet
860 1659 878 1698 a
891 1651 981 1722 porta
995 1663 1106 1725 equum
1120 1644 1160 1704 ad
1174 1665 1245 1706 eum

155 1743 243 1806 usqne
267 1723 394 1804 locum,
416 1743 508 1806 quem
529 1732 600 1782 ante
623 1723 766 1784 diximuss
788 1741 824 1782 ex
844 1741 906 1804 quo
928 1724 1039 1785 iterum
1053 1727 1160 1808 recipit
1173 1747 1245 1790 eum

154 1815 370 1889 protostrator,
393 1827 485 1888 agens
506 1803 546 1866 ad
559 1825 629 1866 eum
644 1825 740 1888 usque
753 1804 868 1885 locum,
888 1803 944 1866 ubi
965 1809 1131 1891 imperator
1151 1810 1244 1894 pedes

155 1889 316 1953 essesolet.
346 1887 451 1968 ·Quod
476 1887 502 1949 si
515 1888 594 1950 sorte
627 1897 856 1948 rotostratorem
876 1887 1163 1974 abessecontigcrit,
1183 1891 1247 1956 boe

154 1971 220 2036 licit
240 1997 260 2036 a
270 1975 433 2119 1principio
456 1991 553 2054 usque
575 1993 593 2032 a
636 1971 727 2032 finem
748 1991 877 2053 maguus
889 1969 1102 2035 chartidarius.
1144 1974 1243 2039 Paulo

218 2080 227 2120 ε
301 2065 481 2118 mmstrator
502 2057 592 2115 etiam
612 2053 812 2115 cstdefensor
830 2057 1163 2118 commemores
1183 2057 1243 2121 hoo

154 2068 323 2217 meunt,
344 2141 528 2222 quicumque
547 2133 624 2198 nulli
649 2139 762 2219 agmini
789 2146 842 2198 aut
861 2139 947 2220 signo
960 2137 1084 2200 militari
1099 2140 1244 2225 adscripti

154 2235 230 2302 sunt,
245 2221 302 2286 sed
313 2225 370 2306 ipsi
383 2231 481 2282 castra
489 2231 715 2303 prosequuntur
727 2219 822 2298 trinu,
836 2232 1039 2302 exspectantes
1053 2222 1127 2283 dum
1140 2243 1243 2286 accen·

153 2307 178 2366 si
195 2307 280 2368 fiant.
314 2307 371 2366 His
385 2307 465 2365 enim
479 2323 577 2386 neque
591 2302 729 2376 ordinem
742 2303 1073 2388 retinentibus‚„neque
1086 2305 1242 2369 flammeo-

153 2385 213 2448 lum
226 2391 358 2473 (signum
371 2386 500 2448 militare
511 2397 567 2467 est,
582 2387 690 2446 Latina
704 2387 832 2469 origine,
851 2407 871 2446 a
884 2385 986 2447 colore
1004 2389 1129 2473 dictum)
1139 2411 1241 2475 suum,

153 2471 202 2533 sed
214 2474 386 2534 inordinate
401 2470 625 2555 quodammodo
640 2469 812 2551 dissolutis,
834 2480 1034 2551 protostrator
1059 2475 1124 2555 ipse
1136 2474 1242 2536 subse·

153 2576 255 2637 quens,
270 2555 405 2617 defendit
417 2556 510 2635 ipsos,
524 2556 550 2615 si
565 2552 641 2625 forte
654 2552 734 2615 bello
749 2556 970 2636 opprimantur.
985 2555 1150 2639 Pmpterea
1160 2559 1243 2619 enim

34 2678 35 2695 t
152 2648 346 2718 protostrator
367 2638 458 2699 ctiam
477 2634 657 2720 appellatur,
685 2638 769 2721 quod
781 2637 838 2698 toti
852 2639 909 2719 ipsi
924 2639 1056 2723 στρατῷ,
1079 2639 1111 2700 id
1132 2650 1176 2700 cst
1190 2660 1242 2701 ex-

152 2724 253 2783 ercitui
274 2730 396 2805 praeeat
416 2731 446 2781 ct
466 2723 609 2782 consistat
622 2722 750 2803 primus.
793 2719 823 2780 A
838 2720 1010 2782 cursoribus
1023 2733 1124 2782 autem
1137 2741 1243 2785 omnes

154 2822 198 2864 res
215 2807 337 2885 varias,
358 2824 437 2887 quae
457 2802 555 2865 iutilia
575 2806 791 2881 nominantur,
812 2805 905 2865 moris
928 2812 975 2864 est
994 2816 1242 2887 protostratorcm

155 2888 295 2969 accipere.
338 2888 470 2947 Nomine
483 2881 650 2969 portlt'oss,
672 2886 817 2964 firtilium,
827 2889 882 2967 (est
896 2888 977 2946 enim
991 2888 1135 2949 Latinum
1148 2908 1241 2949 voca·

154 2966 279 3049 bulum)
293 2970 497 3055 significantur
509 2990 718 3051 quaecumque
730 2990 791 3045 res,
806 2990 884 3050 quae
896 2990 952 3049 per
964 2990 995 3029 se
1006 2969 1093 3029 nihili
1105 2982 1176 3031 suut
1189 2982 1243 3032 aut

154 3052 226 3113 nibil
246 3054 288 3115 ad
307 3074 374 3113 rem
395 3052 556 3113 militarem
569 3051 695 3127 faciunt,
717 3050 848 3132 denique
861 3050 1074 3131 impedimenta
1088 3052 1161 3113 belli
1176 3074 1241 3113 cer·

153 3136 276 3216 statua,
291 3138 349 3197 nisi
364 3146 549 3197 avertantur.
571 3134 651 3195 Nam
665 3132 739 3195 haec
752 3152 889 3194 mersores
901 3133 1088 3193 commodius
1102 3153 1241 3217 compor-

153 3226 214 3280 tant
226 3242 319 3303 quam
333 3218 454 3295 milites,
470 3220 541 3299 quia
555 3238 618 3278 non
632 3216 757 3278 haerent
767 3216 875 3298 signis:
890 3223 920 3275 ct
929 3213 1072 3276 audacius
1082 3215 1240 3303 colligunt,

152 3304 219 3381 quia
234 3324 268 3365 se
282 3302 397 3386 legibus
410 3323 473 3363 non
485 3294 581 3362 teneri
600 3310 719 3382 putant.
741 3296 948 3379 Quamobrem
961 3303 1169 3380 pmtosuatori
1183 3323 1241 3386 po-

35 3450 36 3475 ,
153 3392 238 3449 itales
252 3386 322 3447 data
334 3396 379 3447 eat
393 3384 489 3445 futilia
503 3386 560 3447 ista
572 3382 737 3444 aufmendi.

35 3510 37 3539 ‚
230 3468 347 3548 Μέγας
358 3462 592 3544 κοντοσταῦλος,
613 3469 665 3549 qui
681 3462 798 3525 Gallice
812 3464 1015 3537 conestable,
1037 3464 1140 3527 italice
1155 3464 1241 3529 Con-

35 3610 36 3615 ,
156 3552 308 3625 laetabile,
331 3552 437 3611 Latine
452 3548 560 3609 Comes
575 3547 704 3611 stabuli.
738 3543 805 3608 Ubi
820 3546 1007 3609 sistabulum
1020 3569 1076 3631 pm
1090 3548 1181 3631 aquili
1194 3570 1240 3611 ac·

153 3634 254 3714 cipias,
276 3636 333 3695 erit
348 3632 456 3695 Comes
471 3628 593 3707 stabuli,
607 3629 657 3691 vel
679 3634 742 3713 qui·
759 3641 876 3713 praeest
890 3631 1031 3693 omnibus
1044 3634 1140 3713 copiis
1154 3651 1241 3714 eque·

153 3715 271 3778 utribus:
286 3715 337 3778 vel
350 3718 403 3799 qui
415 3726 534 3797 praeest
547 3715 690 3795 equitatui
705 3716 892 3795 imperatoris
906 3714 1015 3775 aulico.
1032 3714 1125 3798 Apud
1134 3735 1239 3775 recen·

153 3798 242 3859 tiores
255 3800 385 3861 Graecos
400 3810 445 3859 est
459 3798 518 3858 dux
536 3798 688 3878 copiarum
703 3795 903 3872 auxiliarium,
919 3819 997 3879 quae
1011 3819 1046 3858 cx
1065 3796 1175 3879 Gallia,
1197 3798 1240 3860 si-

36 3952 37 3957 ,
153 3878 232 3959 cilia,
245 3881 343 3960 ltalia,
364 3882 496 3941 facuuac
510 3880 656 3960 stipendia
670 3882 817 3940 orientem
830 3880 983 3961 petebant.

233 3960 348 4042 Μέγας
361 3962 540 4043 λαγοθέτης,
556 3964 691 4042 Magnus
705 3962 891 4041 Logotlteta.
917 3962 1139 4024 cancellarium
1154 3964 1240 4028 Lati-

154 4046 200 4103 nis
214 4049 312 4107 vocari
331 4044 507 4125 λογαθὲτην,
523 4048 565 4105 ait
580 4046 700 4105 Nicctas
713 4042 768 4105 lib.
808 4087 817 4105 .
860 4048 973 4106 Munus
993 4049 1094 4128 magni
1108 4045 1138 4106 lo
1158 4048 1239 4106 othe·

153 4134 202 4186 tae
214 4126 260 4189 bis
271 4128 373 4189 verbis
386 4128 566 4210 Curopalota
580 4126 733 4188 describit.
774 4066 831 4188 llis
871 4132 917 4189 nit
935 4129 1076 4189 mandata
1098 4140 1128 4191 et
1139 4068 1240 4189 bullas

154 4222 268 4293 ardeas,
288 4232 367 4295 quac
380 4211 419 4274 ab
433 4214 612 4296 imperatore
626 4212 786 4274 mittuntur
800 4148 948 4295 adirigas,
970 4211 1109 4274 Sultauos
1132 4221 1162 4272 ct
1179 4212 1237 4275 Τα-
