3025 4900
296 365 394 418 ‘210
719 343 1034 421 (ΞΑΝΤΛΕΙΙΖΕΝΙἸ

164 511 446 596 καιδοδΜιχαὴλ
462 513 498 576 δὲ
520 508 539 574 o‘
559 509 744 594 disrupte,
776 509 973 590 Μελενιδιου,
1004 506 1125 571 πόλεων
1145 504 1390 572 Μακεδονικῶν·
1413 583 1416 593 1

308 613 341 677 oi
360 611 397 696 δη
410 605 557 694 γυναικὸς
574 605 709 692 ἀδελφοί
728 598 812 682 ὄντες
826 612 880 672 τοῦ
894 603 1210 692 πανυπερσεβοὶστου,
1240 605 1390 691 γράμμα-

306 713 520 791 τα·πίμπουσι
538 704 616 791 πρός
638 729 672 769 τε
694 709 812 772 ἐκεῖνον
825 705 881 770 καί
895 706 953 791 τη“ν
969 704 1120 790 ἀδελφήν,
1142 708 1312 791 προφανῶς
1329 707 1391 785 μὲν

260 819 269 893 1Γ
307 810 412 874 αὐτῶν
421 803 612 871 ἀποστασίαν
624 805 661 869 οδ
676 806 911 890 κατηγοροῦντα,
927 801 1088 891 πρόφασιν
1100 803 1209 884 μέντοι
1228 803 1286 866 οὐκ
1298 803 1390 885 οἷγεν-

261 900 277 988 l¹
308 911 345 992 νῆ
373 931 442 971 τινα
468 927 665 992 παρεχομενα
685 901 843 984 ὑποψίας.
874 903 984 979 λέξεων
1006 925 1041 969 τε
1061 899 1133 987 γὰρ
1150 896 1303 988 εὖπορουν
1323 901 1407 983 οἶοι-5

312 1003 469 1090 φιβόλων,
500 1006 554 1068 καί
580 1005 688 1088 φιλίας
712 1002 940 1086 ἀνεμίμνησκον
959 1002 1096 1087 ἀρχαίας
1118 999 1173 1064 καί
1203 1002 1389 1085 συνδιατρι-

278 1107 382 1188 Ιιβῆς,
413 1105 468 1167 καί
485 1106 542 1166 τοῦ
565 1103 630 1164 δεῖν
650 1101 792 1185 ἀλλήλους
815 1101 931 1166 εδνσεῖν
950 1093 1053 1167 ἄλλων
1071 1121 1106 1164 τε
1122 1102 1213 1164 ἕνεκα
1234 1098 1389 1165 πλειόνων

310 1206 363 1267 καί
381 1201 519 1284 μάλιστα
535 1203 597 1264 τῶν
612 1201 646 1263 δα
660 1201 715 1284 τῆς
731 1201 909 1281 συγγενείας
927 1197 1097 1282 ἐνεχύρων.
1124 1197 1198 1273 sede
1218 1197 1258 1262 sci
1278 1201 1390 1262 τοιαῦ-

214 1316 239 1366 Ρ.
250 1313 300 1370 130
309 1325 348 1365 τοι
368 1299 473 1365 τοίνυν
489 1297 659 1384 γράμματα
686 1299 870 1378 κομίζοντας
896 1299 1091 1380 στρατιῶται
1110 1299 1315 1381 συλλαβόντες
1331 1321 1391 1360 κα-

308 1397 348 1466 τὰ
365 1396 422 1482 τὴν
457 1395 548 1477 ὁδὸν,
581 1395 613 1459 οῖ
632 1387 782 1480 decada?
806 1390 883 1460 adad
905 1399 997 1460 codsa
1018 1399 1199 1478 τεταγμένοι
1216 1393 1430 1482 φυλάττεινεο

307 1493 365 1571 τοὶς
389 1493 481 1569 sideria
506 1497 567 1557 sori
595 1492 674 1578 πρδς
707 1491 765 1558 τὸν
795 1493 1090 1577 πανυπερσίβαστον
1111 1498 1200 1559 ἓνεκα
1230 1497 1391 1576 πολέμου,

308 1597 363 1661 καί
375 1594 413 1660 τοὶ
439 1593 611 1678 γράμματα
635 1588 843 1678 ἀφελόμενοι,
872 1577 952 1677 πρὸς
969 1595 1029 1673 μὲν
1048 1593 1222 1672 Βυζάντιον
1237 1590 1281 1668 ὥς
1294 1599 1392 1676 βασι-

277 1757 280 1764 ,
307 1696 363 1760 tta
377 1692 434 1758 ’τὸν
456 1692 667 1778 πρεσβύτερον
689 1687 730 1755 τοὶ
748 1689 917 1776 γράμματα
939 1693 1066 1773 mantas
1083 1687 1140 1756 οδκ
1158 1690 1300 1775 ἔγνωσαν·
1313 1694 1392 1774 δεῖν,

306 1791 358 1857 τὸν
374 1792 474 1875 μίγαν
494 1793 660 1875 λογοθίτην
676 1787 716 1854 τοὶ
737 1790 870 1871 μέγιστα
890 1789 979 1875 παρὰ
998 1795 1126 1873 βασιλεῖ
1142 1789 1316 1879 δυνάμενον
1336 1791 1391 1852 δε-

308 1888 454 1973 δοικότες,
476 1893 521 1966 εἰς
536 1888 766 1970 Διδυμότειχον
785 1890 821 1952 δὲ
841 1883 938 1973 ἦλθον
955 1892 1101 1975 φέροντες
1121 1889 1166 1978 aqi
1180 1892 1238 1979 νέῳ
1255 1888 1430 1972 pessuma

307 1992 472 2065 ἐπαινέσας
499 1990 534 2052 δὲ
560 1985 679 2062 adrosis
703 1989 761 2070 τῆς
778 1990 932 2064 συνέσεως
948 1991 1004 2051 καί
1017 1988 1202 2069 εὐβουλίας,
1235 1983 1393 2052 ἀπέλυσεν

310 2081 349 2153 εὖ
371 2088 502 2171 ποιήσας
527 2083 545 2148 δ
566 2086 731 2168 βασιλεύς.
770 2084 810 2149 τὰ
833 2087 939 2167 μέντοι
955 2085 1129 2172 γράμματα
1150 2089 1197 2161 είς
1211 2083 1391 2163 Βυζάντιον

276 2187 351 2274 ἶοτῷ
366 2185 490 2273 μεγάλῳ
507 2187 636 2268 ’πέμψας
659 2188 825 2272 λογοδίτη,
861 2185 994 2271 παρῄνει
1012 2209 1046 2250 τε
1072 2184 1128 2249 καί
1150 2181 1390 2265 συνεβουλεύετο

280 2275 390 2370 patui
417 2287 568 2371 φιλικῶς,
600 2285 644 2358 οἷς
661 2283 699 2350 τὰ
723 2283 784 2366 μὲν
802 2283 973 2368 γράμματα
987 2287 1083 2349 σαντί
1100 2285 1143 2371 τῷ
1159 2284 1292 2368 κηδεστῇ
1308 2285 1391 2363 πέμ-

307 2399 404 2467 ψειαν
428 2383 459 2446 οἱ
473 2381 540 2447 υἱοί
553 2387 686 2467 γέμοντα
700 2385 817 2468 πολλῆς
841 2380 1001 2465 duodecim,
1034 2381 1128 2447 adtira
1154 2381 1191 2446 δὲ
1213 2382 1338 2445 ἐκείνω
1354 2402 1430 2443 reso

308 2473 383 2546 ὅντα
400 2482 520 2567 πατέρα
535 2482 588 2546 καί
602 2486 638 2569 τῇ
657 2482 824 2563 Ῥωμαίων
842 2480 989 2570 ἡγεμονίη
1003 2479 1060 2565 την
1081 2478 1217 2565 δυνατὴν
1230 2482 1389 2566 ὠφέλειαν

308 2574 474 2664 δφείλοντα
490 2584 655 2667 εἰσφέρειν,
678 2576 730 2646 oia
746 2584 807 2645 τῶν
822 2586 893 2643 κατ’
907 2578 1007 2665 αὐτην
1021 2580 1213 2665 πραγμάτων
1228 2581 1272 2643 δι’
1286 2574 1389 2641 αὐτοῦ

307 2679 548 2772 διοικουμένων,
583 2676 688 2763 χρεων
710 2680 846 2755 ἐκείνους
866 2702 902 2743 τε
927 2678 1063 2753 ἀποδεῖς
1083 2681 1185 2742 κακῶν
1209 2685 1314 2762 τηρεῖν
1335 2676 1392 2739 καί

305 2772 361 2861 την
375 2780 633 2862 προσδοκωμένην
655 2778 711 2841 ἄπ’
728 2776 834 2842 αὐτῶν
852 2779 1113 2863 προαναστέλλων
1130 2775 1270 2861 βλάβην.
1293 2776 1389 2839 τοῦτο

305 2935 455 2989 oecidentis
474 2936 576 3009 oppida
593 2954 649 2989 non
668 2936 842 2989 mediocriter
859 2935 1017 3004 perturbata
1034 2942 1106 2993 sunt.
1148 2934 1204 2987 Sub
1224 2934 1298 2986 idem
1317 2940 1389 2984 tesn-

325 3024 356 3059 us
373 3024 388 3059 e
407 3008 469 3059 liliis
490 3024 533 3059 me
571 3008 580 3057 i
599 3006 753 3077 logothetae
769 3007 934 3069 Demetrius,
954 3012 1131 3075 cognomento
1140 3005 1268 3075 Angelus,
1280 3005 1390 3055 Strum-

304 3024 412 3140 litzae,
431 3076 538 3129 Michae
568 3093 631 3129 vero
651 3078 769 3127 Lascaris
788 3076 923 3127 Melenico
938 3074 1113 3129 Macedoniae
1130 3075 1288 3127 civitatibus
1308 3090 1392 3142 prae-

304 3145 438 3197 sidebant
474 3148 509 3199 lii
526 3146 621 3198 fratres
635 3147 725 3199 uxoris
741 3144 986 3215 panhypersebasti
1012 3147 1117 3198 litteras
1132 3145 1166 3196 ad
1179 3162 1241 3197 enm
1255 3161 1391 3196 sororem-

303 3232 357 3285 que
377 3218 509 3279 mittunt,
528 3216 628 3285 quibus
649 3216 759 3267 illorum
778 3214 896 3267 deiectio
909 3231 965 3266 non
984 3214 1095 3285 quidem
1107 3224 1200 3284 aperte
1215 3212 1390 3283 arguebatur,

303 3286 407 3337 occasio
427 3294 515 3337 tamen
533 3285 689 3355 suspicandi
711 3300 766 3336 non
784 3286 850 3335 levis
865 3284 1056 3355 praebebatur.
1092 3286 1176 3337 Erant
1193 3284 1329 3355 siquidem
1344 3300 1390 3335 rc·

303 3356 390 3407 sertae
406 3355 496 3407 verbis
516 3354 665 3425 ambiguis,
684 3357 782 3406 veteris
805 3370 838 3404 ue
857 3356 995 3407 amicitiae
1015 3364 1043 3407 et
1061 3354 1264 3408 consuetudinis
1283 3370 1390 3405 memo·

303 3425 369 3476 riam
389 3424 566 3490 refricabaut;
586 3442 616 3475 ae
636 3423 669 3475 de
687 3373 991 3476 mutualireuevolentia
1029 3426 1171 3477 raestanda
1196 3424 1390 3487 admonebant,
1429 3472 1432 3475 .

303 3510 365 3544 eum
387 3494 449 3545 aliis
469 3494 593 3561 pluribus
611 3494 645 3545 de
666 3495 767 3558 carreis,
790 3502 848 3545 tum
874 3494 910 3546 ob
930 3442 1066 3547 vinculum
1085 3496 1223 3547 affinitatis
1249 3494 1390 3545 videlicet

303 3562 405 3614 Milites
425 3574 536 3633 propter
553 3564 656 3616 bellum
676 3580 735 3615 eum
756 3563 1002 3635 paulaypersebasto
1020 3568 1071 3617 viis
1095 3564 1280 3617 custodiendis
1329 3581 1390 3617 rae·

303 3632 399 3701 positi,
422 3635 580 3687 tabellarios
600 3635 795 3703 intercipiunt,
815 3636 919 3687 litteras
940 3636 1086 3700 auferunt,
1104 3653 1154 3688 nce
1172 3643 1262 3687 tamen
1282 3582 1326 3685 acl
1337 3637 1392 3685 irn-

302 3710 454 3771 peratorem
478 3720 570 3755 senem
596 3706 715 3773 perferre
744 3704 861 3768 audent,
888 3705 963 3775 quod
989 3721 1004 3757 a
1029 3722 1070 3757 ma
1089 3724 1124 3757 no
1152 3704 1312 3777 logotheta,
1341 3704 1391 3773 qui

302 3770 375 3839 apud
395 3788 455 3822 eum
474 3774 621 3841 plurimum
640 3772 767 3837 valebat,
784 3783 945 3827 metuerent.
982 3776 1051 3844 Ergo
1103 3774 1263 3844 idymoticlri
1283 3774 1389 3825 iuniori

302 3856 346 3891 eas
365 3839 498 3893 reddunt:
535 3862 601 3912 quos
622 3844 685 3905 illc,
705 3851 736 3894 ut
751 3844 858 3908 debuit,
878 3855 1014 3914 tamquam
1035 3846 1183 3915 prudentes
1203 3856 1231 3897 et
1250 3844 1392 3895 consultos

302 3907 425 3961 laudavit
447 3928 477 3961 ac
494 3911 604 3965 dimisit
640 3914 791 3982 Epistulam
804 3932 868 3967 vero
888 3917 1047 3981 Byzantium
1067 3918 1101 3969 ad
1119 3927 1244 3985 magnum
1265 3912 1392 3983 logothe-

302 3986 356 4029 tam
375 3982 577 4044 trausmittens,
596 3986 681 4035 amice
699 3986 806 4036 monuit
823 4000 855 4036 ac
873 3986 972 4048 suasit,
992 3994 1024 4037 ut
1061 3990 1173 4039 neniam
1192 3985 1242 4035 filii
1261 3986 1320 4035 eius
1340 3982 1391 4033 has

302 4048 407 4100 litteras
423 4052 662 4119 suspiciosissimus
674 4052 709 4104 ad
728 4055 832 4106 affinem
847 4054 993 4121 portandas
1009 4005 1158 4119 ‹tellismnt
1178 4057 1236 4124 ipse
1251 4062 1393 4123 tamquam

296 4134 396 4170 eorum
409 4136 516 4189 parens,
535 4124 678 4193 omniaque
698 4122 801 4176 summa
818 4122 904 4176 officia
922 4126 962 4175 rei
980 4124 1107 4193 publicae
1125 4130 1263 4177 Romanae
1276 4119 1391 4186 debens,

301 4188 422 4260 (quando
439 4208 488 4259 per
505 4208 566 4243 cuns
586 4194 644 4243 cius
666 4210 707 4244 res
726 4192 1001 4265 administrarentur)
1019 4203 1048 4247 ct
1067 4196 1123 4248 illis
1137 4213 1157 4249 a
1173 4196 1246 4245 malo
1273 4200 1391 4255 caveret,

300 4266 332 4311 et
355 4261 508 4315 imminenti
532 4260 598 4315 huis
624 4260 789 4317 detrinento
806 4271 910 4318 mature
927 4262 1035 4318 ebriam
1058 4268 1121 4321 iret.
1156 4264 1188 4318 Id
1206 4263 1275 4317 effici
1292 4278 1392 4332 posses
