3025 4900
252 293 335 377 270
653 287 931 354 CANTActJZEttt

54 425 57 432 Α
108 447 171 505 λλ).
184 451 248 507 ι3ι8
256 443 470 529 ἀπεργάσηται
488 441 612 522 δείσας,
630 433 782 526 στρατιὰν
798 431 1214 532 ἄπολιξόμενοςόοηνῷετο
1237 435 1331 529 όρκέ·

249 565 318 608 σειν
336 539 416 627 πρός
432 539 467 604 τό
498 537 604 625 ἔργον,
632 539 687 624 την
703 533 872 626 ἀκρόπολιν
888 540 1079 626 προσέταξεν
1094 539 1213 625 ἔξωθεν
1228 565 1330 628 φρου-

250 649 335 728 ρείν,
352 635 436 717 όπαις
458 637 567 724 μηδείς
591 643 728 706 εἰσέλθοι
749 641 782 716 ές
813 635 924 724 αότὴν.
965 639 996 704 ot
1018 642 1054 706 δέ
1076 643 1112 706 έν
1138 644 1256 724 Φεραῖς
1280 637 1332 705 ότι

249 742 295 814 είς
312 737 542 823 Θεσσαλονίκην
568 735 694 822 ἔρχεται
720 735 933 820 πυθόμενοιό
959 737 1127 821 βασιλεός,
1151 739 1331 821 δεήσαντες,
1391 783 1394 787 ⁷

249 833 323 921 ὅπερ
343 836 469 919 ἐγένετο,
483 835 528 922 μη
551 836 637 924 αότῷ
659 835 880 924 προσχαρὴση,
891 839 1098 924 τριακοσίους
1113 837 1260 921 ἔπεμψαν
1276 841 1349 905 ito-5

183 1018 189 1026 .
226 935 363 1018 (ἶγιέόας,
390 931 469 999 aiore
489 934 548 1019 τήν
562 957 595 1001 τε
612 923 783 1017 ἀκρόπολιν
802 943 969 1017 κατασχεῖν
982 934 1039 1001 καί
1054 945 1119 1011 τοῖς
1134 939 1171 1002 έν
1185 941 1225 1024 τῇ
1240 934 1330 1002 πόλει

246 1033 368 1118 θάρσος
393 1041 570 1120 παρασχεῖν
591 1035 779 1119 ἀντιστῆναι
804 1039 936 1117 βασιλεῖ.
976 1034 1190 1116 συμβαλόντες
1212 1038 1248 1100 δὲ
1268 1037 1330 1101 αό-

246 1139 314 1208 ταῖς
339 1129 370 1195 οἱ
389 1131 476 1218 παρὰ
505 1133 658 1214 βασιλέως
676 1132 940 1217 προστεταγμένοι
960 1130 1017 1215 τόν
1035 1131 1200 1218 ἀκρόπολιν
1226 1156 1330 1220 φρου-

247 1240 329 1316 ρεῖν,
346 1232 521 1318 ἐτρέψαντο
539 1229 616 1294 κατὰ
635 1231 760 1316 κρότος,
779 1229 834 1294 καί
846 1229 922 1317 συός
937 1233 996 1310 μὲν
1014 1230 1195 1296 ἀπέκτειναν
1211 1233 1328 1315 αὐτῶν,

246 1326 320 1404 τοός
346 1330 381 1392 δὲ
412 1323 495 1393 εἷλον
518 1331 646 1407 ζῶντας.
686 1327 835 1410 βασιλεός
857 1330 892 1393 δὲ
919 1327 989 1391 ἐπεί
1011 1327 1050 1392 τό
1080 1328 1158 1414 πρός
1185 1328 1370 1416 φυλακηνία

245 1429 301 1506 τῆς
320 1427 517 1510 ἀκροπόλεως
540 1425 728 1512 ἐξηρτύοντο
737 1477 746 1507 ,
764 1419 838 1509 ἧκεν
852 1430 898 1502 εἰς
919 1425 976 1511 τὴν
997 1423 1090 1508 όγίαν
1108 1427 1204 1515 σορόν
1218 1432 1330 1512 Δημη-

244 1530 333 1610 τρίου
347 1528 406 1588 τοό
432 1524 593 1610 μάρτυρος
609 1529 665 1590 καί
691 1523 914 1610 μυροβλότου,
943 1521 1011 1605 ἅμα
1027 1530 1086 1607 μέν
1106 1526 1330 1613 προσκυνήσων

245 1618 360 1704 αότόν,
391 1617 446 1710 (ἦν
466 1620 526 1708 γὰρ
552 1625 586 1698 ἐξ
615 1623 737 1707 ἡλικίαις
763 1620 889 1708 πραότης
910 1623 1007 1710 τιμὴν
1034 1625 1120 1712 αὐτῷ
1145 1625 1200 1690 καί
1223 1626 1330 1691 πίστιν

243 1719 339 1786 πλείω
356 1717 378 1806 ἢ
394 1720 472 1786 κατὰ
491 1719 565 1798 τούς
580 1713 693 1796 όλλους
707 1721 1038 1808 μόριοραςπαρέχων
1057 1727 1113 1788 κατ’
1126 1719 1230 1808 οἵσπερ
1253 1725 1330 1808 ε’ρα-

215 1817 320 1905 Dasio
344 1819 446 1886 αότοό
462 1812 548 1907 adm)
587 1817 654 1902 ἅμα
675 1823 711 1884 δὲ
735 1823 791 1886 καὶ
806 1823 862 1905 τῆς
881 1819 1042 1907 παρούσης
1062 1825 1151 1887 ἓνεκα
1176 1818 1383 1905 εότυχίαςιό·

243 1917 455 2002 ἀμειψόμενος
473 1919 697 2005 εόχαριστίαιις.
720 1919 939 2005 προσκυνήσας
963 1922 1001 1985 δὲ
1015 1920 1072 1984 καί
1087 1919 1328 2009 εόχαριοτὴσας,

243 2021 313 2084 έπεί
334 2022 389 2084 κατ’
417 2016 472 2084 τόν
493 2015 575 2083 πόόα
601 2022 637 2083 έιι
662 2022 720 2104 τῆς
751 2017 829 2104 πρός
858 2021 993 2104 Πέρσας
1020 2021 1126 2105 μάχης
1154 2045 1329 2104 τραυματι-

241 2117 349 2200 σθείς,
372 2119 386 2204 ί
396 2119 430 2183 έν
447 2119 599 2202 τέσσαρσι
625 2115 680 2182 καί
707 2118 782 2182 δέκα
808 2121 889 2203 μησί
904 2121 1146 2204 θεραπευθῆναι
1168 2119 1226 2182 oda
1246 2113 1341 2201 ἠ’όυ-·

242 2214 342 2302 νήθη,
371 2214 471 2280 πολλὰ
498 2219 562 2280 ταῖν
582 2219 698 2302 ίατροῖν
724 2205 1074 2302 πραγματευσαμένων,
1102 2215 1182 2281 ἀλλὰ
1208 2241 1323 2303 σφακε-

241 2316 336 2394 λίζων
354 2313 406 2378 rtet
429 2315 466 2378 οό
488 2313 630 2402 φορητός
648 2324 780 2402 παρεῖχε
795 2317 853 2392 τός
868 2310 1024 2403 όό“όνας,)
1042 2314 1079 2380 τό
1092 2316 1242 2399 όπόόημα
1266 2315 1366 2378 iai-ae

242 2437 317 2494 σας,
337 2415 381 2501 τῷ
401 2411 491 2501 μόρῳ
517 2412 621 2500 χρίειν
643 2409 751 2495 ἔμελλε
770 2417 827 2479 τοῦ
853 2412 961 2499 οἶγίου,
991 2414 1199 2497 ἐνθυμηθείς,
1229 2411 1272 2489 οἷς
1300 2409 1324 2479 ἃ

124 2532 129 2543 ·
240 2510 286 2595 μὴ
316 2510 444 2577 όόναιτο
474 2508 655 2597 όιθρωπίνη
673 2515 767 2597 τέχνη
796 2513 851 2577 καί
872 2511 1015 2599 σπουόη,
1043 2517 1146 2577 ταῦτα
1166 2510 1239 2588 θεός
1258 2522 1325 2588 τοῖς

240 2612 343 2696 ἁγίαις
369 2613 510 2698 μάρτυσι
537 2607 697 2677 όόναοθαι
719 2614 889 2698 παρέσχεν.
939 2612 1010 2679 ἐπεὶ
1035 2615 1072 2679 δὲ
1099 2612 1152 2677 τόν
1181 2636 1216 2677 τε
1243 2611 1324 2685 πόδα

312 2779 353 2832 ¹9·
367 2761 543 2831 σφακελίζων
553 2762 608 2815 ED.
622 2762 649 2821 P.
661 2778 711 2833 pro
728 2762 929 2835 οφακελλίζιον.

242 2882 340 2944 missa,
363 2884 393 2935 in
418 2897 505 2933 arcem
540 2896 633 2933 manus
660 2881 717 2933 eiua
746 2884 974 2951 expugnationem
995 2892 1190 2945 remoraretur,
1217 2882 1322 2951 copiam

263 2962 372 3004 nautam
397 2952 522 3004 sufficere
538 2950 720 3003 arbitrabatur
740 2950 844 3019 delegit
860 2951 975 3022 eamqaie
989 2953 1065 3015 foris,
1085 2970 1120 3005 ne
1136 2955 1179 3004 cui
1193 2954 1322 3005 introitur

242 2971 360 3085 daretur,
379 3010 510 3075 custodiri
526 3022 671 3073 mandauit.
708 3021 764 3090 Qui
782 3020 876 3073 Pheris
890 3014 1053 3085 manebant,
1070 3026 1187 3093 cognito,
1204 3025 1324 3089 impera-

242 3099 328 3145 torem
346 3091 566 3145 Thessalonicam
583 3106 707 3160 pergere,
733 3093 876 3155 timentes,
898 3090 928 3143 id
951 3092 1026 3164 quod
1042 3096 1154 3155 accidit,
1173 3109 1207 3144 ne
1227 3109 1256 3144 se
1276 3092 1319 3142 itti

243 3162 370 3227 dederet,
388 3168 571 3215 trecentorum
588 3161 674 3211 virum
696 3159 803 3213 delecta
823 3179 936 3231 eorpora
960 3163 1089 3225 mittunt,
1112 3164 1159 3233 qui
1182 3171 1209 3213 et
1231 3178 1321 3213 arcem
1407 3204 1413 3211 .

242 3238 355 3286 teneant
371 3241 400 3285 et
414 3230 518 3283 civibus
534 3232 564 3281 in
576 3228 644 3281 urbe
661 3229 694 3280 ad
716 3232 896 3283 resistendum
916 3233 1072 3302 imperatori
1088 3234 1191 3285 animos
1210 3233 1319 3283 taciano

243 3300 319 3369 Quos
343 3305 391 3375 qui
409 3302 444 3355 ad
460 3301 528 3353 areis
553 3298 642 3353 aditus
661 3301 807 3353 servandos
827 3302 923 3353 reiecti
944 3309 1038 3365 erant,
1065 3304 1163 3355 collato
1178 3302 1264 3371 pede,
1291 3303 1320 3352 vi

243 3378 273 3423 et
289 3374 391 3425 virtute
405 3372 536 3441 iniugana
550 3370 756 3437 compulerunt3
783 3370 898 3423 στολίσι
918 3371 1029 3442 quidem
1047 3373 1223 3435 oeciderunt,
1251 3373 1321 3423 aiios

241 3441 316 3492 vivos
332 3450 470 3510 ceperunt.
491 3440 652 3494 constitutis
670 3455 741 3523 quae
754 3440 789 3493 ad
804 3442 874 3493 arcis
894 3441 1044 3494 custodiam
1060 3442 1243 3511 pertinebant,
1265 3442 1319 3493 irn-

240 3518 353 3579 perator
372 3513 407 3564 ad
432 3520 553 3565 sanetum
571 3510 704 3562 Demetrri
732 3514 856 3593 martyria
875 3520 904 3562 et
922 3508 1102 3579 myiobiytae,
1131 3513 1161 3564 id
1182 3520 1237 3575 est,
1264 3528 1318 3562 nn-

242 3588 371 3649 guentutn
394 3582 565 3635 scaturientia
572 3620 579 3645 ,
598 3574 779 3632 eoirditoriunr
796 3584 941 3651 processit,
960 3582 1041 3633 simui
1062 3590 1093 3633 nt
1112 3582 1237 3649 precibus
1255 3596 1320 3632 enar

240 3659 429 3712 veneraretur,
448 3654 550 3722 quippe
565 3666 645 3721 quern
666 3668 681 3701 a
699 3668 784 3720 puero
804 3653 949 3721 praealtis
972 3652 1134 3719 martyribus
1156 3650 1320 3718 honorabat,

241 3727 270 3771 et
292 3720 353 3787 pius
371 3721 401 3771 in
420 3736 452 3771 eo
476 3722 535 3789 spei
555 3720 717 3789 reponebat,
749 3738 831 3791 quana
855 3724 884 3776 in
908 3724 1021 3784 ceteris,
1045 3726 1221 3791 impensoque
1239 3721 1319 3771 iilum

240 3788 386 3858 diligebat,
420 3792 500 3841 simul
525 3799 556 3843 nt
583 3790 672 3843 eidem
697 3794 795 3861 gratias
823 3792 858 3843 de
877 3793 1123 3856 oblata-felicitate
1147 3790 1316 3859 rependeret.

239 3859 348 3910 Peracto
362 3868 495 3930 utroque,
516 3863 644 3929 quoniam
659 3862 739 3913 etiam
753 3864 893 3932 pedestria
916 3863 1042 3914 condictu
1065 3880 1126 3915 enan
1147 3862 1234 3915 Persis
1255 3860 1317 3909 vui·

238 3938 364 3989 neratus,
383 3926 588 3999 quatuordeeim
608 3931 746 3985 mensibus
769 3934 857 3984 curari
879 3950 935 3984 non
954 3940 1076 4001 poterat,
1101 3933 1185 3983 nrnlta
1203 3928 1316 3982 medicis

219 4000 342 4059 ,auxilia
357 4000 454 4051 frustra
471 4000 688 4067 experientibus,
709 4001 756 4054 sed
783 4018 816 4053 eo
834 4003 966 4071 paulatim
985 4001 1155 4060 tabescente,
1174 3998 1318 4052 doloribus

238 4068 417 4121 intolerandis
430 4068 621 4134 'eruciabatnr3
640 4072 729 4124 soluto
748 4074 852 4133 calceo,
871 4074 956 4123 saneti
973 4081 1111 4141 unguento
1132 4071 1211 4122 ilium
1232 4084 1313 4136 para-

238 4139 287 4192 bat
300 4142 444 4210 periinere,
463 4142 502 4193 ita
521 4154 611 4191 seeum
626 4141 744 4201 volvens,
763 4158 832 4211 quae
847 4158 889 4193 ara
904 4140 1020 4194 bumana
1033 4151 1062 4194 et
1078 4140 1198 4193 studium
1216 4139 1316 4206 nequi·

238 4220 314 4277 rent,
334 4230 367 4267 ea
388 4212 476 4267 Deurn
499 4210 600 4266 sanetis
622 4211 786 4277 martyribus
800 4228 879 4281 posse
901 4211 1057 4266 concedere.
1093 4211 1199 4264 Abiatis
1222 4208 1317 4260 {asciis
