3025 4900
294 279 377 364 262
683 304 968 372 efflictim!
998 371 1003 380 ,

146 466 209 523 tc.
222 467 283 538 ¹327
292 456 431 544 ἔγνωσαν
457 450 607 523 ἅδύνατοι
627 447 707 521 εἶναι
728 453 1039 542 ἀντιπαρατάξασθαι
1058 452 1138 540 πρὸς
1157 449 1277 533 μύχην,
1295 447 1377 514 διτύ-

289 563 385 624 θοντο
406 559 452 638 δὲ,
473 559 570 640 μέχρι
583 553 740 631 Ξανθείας
758 557 891 637 βασιλέα
912 556 1097 641 ἐφθακέναι,
1119 546 1176 616 ούκ
1196 548 1297 614 ἐδόκει
1316 554 1377 612 λο-
1460 609 1469 616 ,

289 662 421 723 σιτελεῖν
450 655 504 720 dns*
527 655 591 741 τῆς
609 649 706 740 αδτῆς
731 659 837 736 μένειν
866 653 1129 741 στρατοπεδείας,
1151 649 1222 714 ἀλλ’
1242 637 1374 734 ἄραντες

203 817 207 839 ,
287 758 424 834 ἐκεῖθεν,
452 746 552 838 ἦλθον
579 755 624 830 εἷς
652 750 777 840 Φερδς,
809 748 877 835 ἅμα
904 757 963 833 μέν
996 749 1050 816 καί
1075 748 1130 813 διδ
1151 748 1186 812 τὸ
1204 743 1262 830 τὴν
1281 742 1373 808 πόλιν

289 848 411 938 δχοροὶν
431 847 513 916 εἶναι
533 851 777 939 ναρτεριοτύτιον
794 853 910 936 τειχοῖν
929 854 1108 937 περιβολαῖς
1128 849 1183 912 ναί
1214 841 1395 930 οἷφθονιλινό

168 967 177 987 ¹
256 951 352 1015 Βτιδν
369 948 553 1034 ἐπιτηδεύοι
571 952 745 1035 δυναμένην
760 960 906 1036 χορηγεῖν
924 954 963 1036 τῇ
977 951 1110 1036 στρατιᾷ
1122 943 1259 1032 τοσαύτη
1283 932 1373 1028 ούση,

263 1033 266 1042 ’
290 1043 358 1128 ἅμα
379 1050 414 1113 δὲ
434 1047 625 1127 ἐλπίσαντες,
646 1051 700 1113 καί
719 1051 871 1131 βασιλέα,
896 1042 936 1112 διν
962 1041 1078 1125 αύτούς
1106 1044 1244 1128 πύθηται
1264 1036 1371 1123 ὥσπερ

290 1149 489 1235 στρατοπέδῳ
515 1149 555 1234 τῇ
590 1147 736 1233 Φεραίων
763 1149 948 1234 χρωμένους
973 1143 1028 1210 καί
1056 1140 1216 1230 ἀφθονίαν
1241 1137 1373 1221 ἔχοντας

291 1243 399 1329 σίτου,
431 1240 535 1331 ὥσπερ
563 1246 825 1312 ἀποδειλιάσαντα
853 1244 889 1311 τύ
919 1249 953 1324 ἔξ
981 1243 1102 1328 δχνροῦ
1123 1237 1247 1322 ,αύτούς
1266 1235 1371 1319 ὃρμοῖ·

291 1347 372 1408 σθαι
391 1343 621 1429 στρατοπέδου,
650 1343 725 1430 πρὸς
747 1342 980 1428 Χριστούπολιν
1006 1353 1121 1423 μενεῖν.
1159 1333 1308 1422 βασιλεῦς
1334 1336 1417 1429 δὲῐξ)

289 1439 334 1518 ὥς
364 1444 483 1525 ἐγένετο
512 1445 546 1508 έν
566 1444 798 1528 Χριστοοπόλει
808 1495 819 1524 ,
850 1445 921 1510 ἐπεὶ
940 1440 1074 1508 ἐπύθετο
1095 1436 1212 1512 αύτούς
1233 1431 1372 1521 ἇφιγμέ·

289 1563 362 1614 νους
389 1541 433 1614 εἷς
461 1537 583 1626 Φερὰς,
612 1534 662 1628 ᾔει
682 1543 735 1606 καί
764 1541 862 1618 αύτδς
881 1543 986 1606 αύτῶν
1004 1537 1135 1606 κατόπιν
1153 1535 1209 1601 καί
1226 1535 1373 1617 &orpora-
1406 1545 1409 1548 ’

288 1640 439 1703 πέδεοσεν
453 1639 487 1702 ἐν
503 1640 651 1729 πολιχνίῳ
664 1641 848 1729 τινίιΖιχνα
868 1641 1174 1727 προσαγορευομένῳ,
1195 1631 1285 1716 ἐγγύς
1306 1633 1372 1694 Φε-

289 1739 363 1820 ραῖν.
408 1735 437 1800 ot
459 1739 494 1802 δὲ
516 1737 642 1821 Ζίχνιοι
661 1744 716 1804 καί
734 1739 886 1827 πρότερον
904 1743 964 1823 μὲν
990 1735 1200 1826 ἀφεστηκότες
1218 1725 1279 1816 ἤδη
1299 1735 1372 1832 τοῖς

289 1835 429 1918 λήμαις
453 1833 532 1921 notio
551 1841 684 1920 βασιλέα
703 1837 755 1905 τὸν
774 1840 862 1922 νέον,
880 1835 1019 1918 Ἀλεξίου
1044 1829 1293 1919 Ὶζαμπλύκανος
1312 1821 1417 1891 edm

288 1929 426 2015 μεγάλου
454 1937 573 1998 παπίου
603 1935 770 2020 ἐνάγοντος
791 1935 872 2023 πρὸς
900 1940 1010 2020 τούτο,
1035 1939 1073 2002 ’ἐκ
1108 1924 1372 2019 Χριστουπόλεως

287 2028 395 2118 κρύφα
415 2029 495 2116 πρὸς
515 2029 614 2098 αδτδν
634 2032 867 2118 διαλεγομένου,
887 2033 956 2102 τότε
976 2038 1012 2100 δὲ
1026 2033 1083 2099 οὐκ
1098 2037 1132 2098 ἐν
1149 2027 1281 2108 ἐλπίσιν,
1301 2019 1370 2087 ἀλλ’

287 2129 322 2192 ἓν
349 2133 467 2220 βεβαίῳ
487 2124 548 2216 ἤδη
576 2130 634 2217 τὴν
664 2135 819 2217 βοήθειαν
845 2131 995 2221 δρῶντες,
1024 2128 1203 2215 ἀπέστησαν
1227 2125 1372 2209 ἀναφαν-

191 2234 218 2290 Ρ.
230 2227 367 2310 λόλδδν,
394 2232 449 2293 καί
473 2235 602 2313 βασιλεῖ
616 2233 861 2320 προσεχώρησαν
879 2237 929 2322 τῷ
943 2238 1002 2322 νέῳ
1023 2231 1078 2298 καί
1093 2228 1128 2296 τὸ
1146 2226 1285 2307 πόλισμα
1304 2224 1372 2286 ἐνε·

285 2325 441 2412 χείριστον.
469 2328 739 2414 στρατοπεδεύσας
770 2333 805 2396 δὲ
833 2328 851 2396 ὅ
880 2331 1038 2420 βασιλεύς,
1055 2333 1089 2396 έν
1118 2329 1222 2411 Ζίχνα
1249 2319 1414 2407 quidam

248 2437 252 2453 '
289 2423 365 2508 δύο,
387 2425 430 2500 (ὃς
457 2419 497 2491 dv
516 2425 552 2492 ἔκ
579 2454 613 2493 τε
632 2431 694 2493 τῶν
711 2433 768 2515 τῆς
789 2427 969 2519 ὁδοιπορίας
987 2430 1092 2496 πόνων
1112 2426 1167 2492 καί
1185 2427 1249 2490 τῶν
1269 2420 1370 2486 ierus

288 2526 343 2589 καί
369 2528 432 2589 τῶν
461 2527 626 2615 χειμώνων
644 2527 669 2611 ἢ
687 2530 822 2615 στρατιὰ
844 2526 1055 2615 οἷναιαησηται
1073 2524 1207 2610 ἑαυτήν·
1236 2513 1290 2608 (ἦν
1308 2517 1370 2603 γὰρ

142 2634 171 2687 Δ.
181 2634 280 2691 Caini
289 2619 327 2707 δη
356 2620 434 2689 νατολ
463 2626 549 2706 μῆνα
573 2624 766 2712 Ἰανουάριον
790 2628 889 2713 ἦνοῦ
908 2630 1063 2713 χειμῶνος
1083 2623 1194 2715 δρα)
1223 2624 1263 2710 τῇ
1281 2616 1371 2705 τρίτῃ

360 2772 397 2823 ¹7·
415 2756 486 2826 Lege
508 2773 541 2809 ex
559 2758 642 2829 Intpr.
663 2756 775 2833 αύτούς.

268 2876 397 2937 ·risscm,
416 2884 594 2934 conserturus.
631 2878 663 2931 ld
682 2897 742 2932 cum
760 2882 850 2934 sciatis
867 2880 957 2944 modo,
977 2878 1013 2931 ad
1027 2896 1145 2951 pugnarn
1162 2894 1209 2929 vos
1229 2871 1365 2945 expedite·

285 2947 340 2997 ista
357 2947 387 2997 in
416 2947 514 2999 litteris
531 2950 683 3017 imperator.
728 2952 773 3003 llli
800 2968 829 3003 se
853 2952 1016 3003 infirmiores
1036 2952 1208 3012 iudicantes,
1232 2962 1312 3019 quam
1331 2949 1365 2994 ut

284 3017 343 3069 acic
366 3018 551 3077 decertarent,
576 3021 792 3091 audientesque,
819 3023 1012 3090 imperatorem
1041 3022 1185 3073 Xanthiam
1213 3018 1368 3072 accessisse,

286 3087 439 3137 consultum
457 3088 515 3139 sore
533 3087 725 3152 decreverunt,
743 3092 825 3143 motis
848 3094 953 3153 castris,
972 3092 1026 3142 alio
1045 3109 1074 3142 sc
1093 3092 1246 3142 transferre.
1282 3087 1369 3157 igitur

286 3156 386 3210 Pheras
404 3166 520 3227 petunt,
549 3166 578 3209 ct
600 3158 674 3229 quod
703 3160 769 3212 urbs
793 3178 826 3213 ea
848 3162 1007 3213 firmissimis
1033 3170 1107 3229 septa
1134 3159 1279 3213 moenibus
1296 3163 1371 3209 esset

284 3234 416 3297 tantoque
433 3229 564 3279 exercitui
585 3237 764 3281 commeatum
789 3230 964 3299 suppeditare
991 3232 1102 3301 largiter
1120 3239 1225 3299 posset,
1256 3239 1284 3281 et
1301 3227 1369 3298 quia

285 3298 437 3365 sperabant,
456 3297 654 3365 imperatorem,
664 3299 712 3351 ubi
731 3300 922 3364 intellexisset,
937 3318 983 3353 eos
1002 3303 1097 3352 urbem
1116 3302 1191 3351 illam
1208 3316 1258 3367 pro
1272 3298 1370 3351 castris

278 3364 396 3429 *habere
422 3384 584 3437 annonaque
605 3377 633 3421 et
657 3370 764 3439 reliquo
789 3379 939 3423 commeatu
958 3372 1079 3435 affluere,
1099 3378 1281 3432 metuentem„
1296 3384 1332 3419 ne
1352 3384 1371 3419 a

286 3438 380 3487 castris
406 3436 473 3489 adeo
499 3440 611 3490 munitis
637 3454 710 3491 erum
733 3450 825 3505 crept,
853 3440 1021 3510 Christopoli
1046 3456 1209 3494 mansurum.
1253 3438 1312 3507 Qui
1336 3446 1373 3489 ut

285 3502 471 3573 christopolin
489 3508 612 3559 renitet
629 3524 675 3559 eos
690 3457 782 3561 PKeris
800 3527 829 3563 se
843 3511 991 3563 credidisse
1010 3512 1125 3579 accepit,
1144 3511 1271 3583 persequi
1285 3508 1371 3559 insti-

172 3600 178 3614 ·
285 3574 341 3625 tuit
359 3582 388 3626 ct
408 3574 442 3625 ad
460 3576 592 3646 oppidum
611 3578 709 3631 Zichna
728 3581 908 3648 appeliatum,
924 3597 1010 3652 prope
1028 3582 1140 3643 Pheras,
1155 3581 1303 3632 exercitum
1316 3577 1371 3628 ad-

285 3640 371 3693 duxit.
408 3644 512 3697 Zichnii
531 3648 584 3699 iarn
611 3656 690 3711 ante,
713 3648 860 3718 impulsore
877 3653 974 3704 Alexio
994 3652 1167 3721 Zarnplacone
1184 3665 1281 3719 magno
1299 3664 1373 3716 pap·

285 3713 342 3779 pia,
360 3714 407 3781 qui
428 3730 443 3764 e
461 3716 628 3786 Christopoli
649 3720 754 3771 occulte
774 3737 835 3773 cum
854 3723 921 3793 ipsis
940 3729 1040 3791 egerat,
1061 3722 1158 3773 animis
1176 3720 1211 3771 ad
1230 3720 1370 3769 iuniorem

284 3780 321 3831 irrr
343 3790 474 3833 eratorem
492 3784 655 3841 deiecerant
673 3790 708 3841 Et
717 3792 782 3859 quia
798 3800 857 3843 turn
873 3810 928 3844 non
946 3808 1003 3859 spe,
1014 3790 1062 3842 sed
1078 3792 1166 3844 oeulis
1184 3790 1253 3859 ipsis·
1265 3796 1371 3839 certum

283 3854 310 3901 vi
332 3852 415 3903 ebant
434 3856 719 3927 auxilium,propalam
731 3860 765 3913 ad
784 3878 856 3921 eum,
874 3862 968 3914 dedita
988 3862 1064 3923 urbe,
1073 3864 1245 3913 transierunt
1264 3859 1368 3909 Trans-

284 3928 344 3972 acto
365 3920 404 3972 ibi
420 3920 506 3975 biduo
524 3922 558 3977 ad
576 3930 752 3983 reficiendum
777 3932 1008 4001 recreandumque
1033 3948 1067 3984 es
1092 3932 1198 3983 itineris
1217 3928 1313 3981 labore
1330 3943 1369 3977 ex

282 3992 436 4059 pluviarum
467 4002 495 4044 et
518 3995 623 4063 frigoris
651 4002 753 4071 iniuria
767 4002 895 4063 militem,
919 4003 1023 4072 quippe
1049 4018 1143 4053 mense
1160 4001 1294 4059 Ianuario,
1319 3996 1369 4048 die

203 4103 207 4115 .
283 4061 365 4111 tertio
387 4060 457 4113 bene
476 4078 555 4116 mane
573 4069 679 4134 signum
698 4068 732 4120 ad
751 4088 824 4123 arma
842 4073 973 4141 capienda
984 4072 1049 4123 dari
1068 4074 1156 4124 iussit
1180 4072 1251 4121 Tum
1263 4071 1372 4120 instru-

283 4132 334 4181 ctis
351 4130 426 4183 velut
442 4130 476 4183 ad
486 4148 601 4199 pugnam
612 4138 765 4198 ordinibus,
783 4143 932 4208 composite
943 4149 972 4193 et
991 4158 1052 4194 cum
1065 4142 1177 4195 silentio
1196 4138 1370 4198 incedentes,

283 4218 339 4254 non
356 4202 451 4271 procul
467 4200 578 4269 Pheris,
596 4206 707 4261 tluviolo
726 4209 870 4265 hibobisto
889 4214 1062 4276 transmisso,
1080 4215 1111 4266 in
1126 4211 1281 4282 procinctu,
1294 4216 1371 4261 tam·
