3025 4900
204 237 208 247 ¹
269 261 296 348 8
670 291 958 358 sarracenam

271 472 335 538 ρος·
359 449 388 516 οἱ
409 454 469 535 μὲν
487 450 542 518 τάν
565 455 705 536 πάππον,
729 453 757 519 οἱ
782 457 817 520 δὲ
836 454 891 520 τάν
909 456 1060 542 νεάτερυν
1072 457 1188 536 αι’τίαις
1199 457 1368 539 ἐνέχεσθαι

270 551 390 636 η’ξίουν.
432 553 493 637 tyrs
517 555 552 618 δὲ
574 554 697 618 άκοάων
717 555 855 641 ἐπλήγην
873 563 939 633 τοῖς
959 557 1074 642 λόγοις,
1098 556 1264 647 ῥᾳθυμίαν
1276 581 1367 623 κατε-

239 651 399 736 ὓγνωκοὶς
418 655 480 718 τῶν
505 653 640 740 άνδρυὶν,
660 655 693 720 οἱ
712 659 1030 743 παρηκολουθηκάτες
1049 667 1115 738 τοῖς
1137 661 1370 746 πράγμασινέξ

274 751 393 836 ἀρχῆς,
414 753 451 817 θῦ
471 753 638 819 κατέλιπον
650 757 704 842 τῷ
723 757 784 843 βίῳ
806 755 942 840 τὴντῶν
962 760 1194 845 πεπραγμένων
1217 761 1370 844 διήγησιν.

275 854 342 918 ἀλλ’
362 855 428 920 ἔστι
443 857 498 922 καὶ
515 855 590 940 περὶ
601 857 729 921 ἐκείνων
742 859 841 922 διπλᾶ
852 861 1047 943 λογιζεσδαι,
1069 861 1217 946 καθάπερ
1230 861 1286 926 καὶ
1297 859 1391 943 need)

205 965 233 1018 Ρ.
247 959 336 1021 Ξτῶν
359 954 534 1022 Εὐκλείδου
558 959 668 1044 φασίν.
713 955 795 1022 etad
817 957 857 1022 σύ
879 961 1000 1038 δίκαιόςΙ
1024 957 1062 1025 άν
1084 959 1150 1044 εἴης
1161 960 1372 1024 ἀπαλλάττειν

272 1057 469 1143 πραγμάτων
491 1057 583 1142 ἡμᾶς,
603 1057 644 1123 τά
663 1081 696 1124 τε
717 1058 772 1124 ἐπί
791 1062 854 1122 τῶν
874 1059 1033 1141 βασιλέων
1048 1062 1088 1126 τά
1102 1082 1135 1126 τε
1150 1061 1202 1148 ἐφ’
1216 1059 1308 1146 ἡμῶν
1319 1083 1371 1144 γε-

271 1158 384 1244 γονάτα
408 1159 549 1236 διδάξας·
592 1159 627 1224 τά
651 1162 680 1224 δ’
706 1157 743 1224 dv
765 1159 902 1243 γε’νοιτο,
933 1162 1148 1248 ἐπιτομωτάτῃ
1169 1162 1373 1249 χρησάμενος

273 1255 342 1344 ὁδῷ
351 1281 413 1323 τινι
432 1261 631 1345 συγγραφῆς,
657 1261 698 1324 δι’
719 1251 756 1344 ἧς
776 1260 876 1347 μάνης
899 1261 1001 1340 ἔξεστι
1023 1264 1159 1348 τάληθὲς
1182 1261 1297 1348 εὖρεῖν.
1318 1261 1375 1327 καί

273 1355 407 1444 ὅτιγὰρ
430 1356 469 1424 τά
488 1359 578 1424 κοινά
601 1359 748 1436 διετέλεις
769 1363 925 1446 πράττων,
947 1364 1090 1449 σωτηρία
1105 1370 1169 1440 τοῖς
1191 1363 1416 1448 πράγμασινῙθ

236 1448 239 1456 “
272 1454 373 1544 ἦσθα·
395 1459 451 1525 καί
463 1463 518 1525 νῦν
529 1463 650 1525 σαυτοῦ
659 1458 803 1546 γεγονιάς,
816 1461 971 1547 άληθείας
982 1463 1038 1528 καί
1053 1463 1254 1547 δικαιοσύνης
1266 1462 1374 1548 παρά-

243 1562 390 1650 Βδετγμα
411 1561 465 1626 τὸν
487 1563 558 1643 βίον
577 1559 774 1645 κατέστησας
792 1561 847 1627 τὸν
868 1565 999 1628 σαυτοῦ.
1022 1559 1066 1640 αἱς
1084 1565 1144 1647 μὲν
1167 1558 1223 1628 oda
1240 1566 1304 1628 τῶν
1321 1586 1374 1648 γε-

241 1717 244 1722 .
273 1663 409 1747 γονάτων
430 1661 486 1728 καί
507 1661 712 1744 νομιζόμενος
729 1663 785 1728 καί
799 1659 844 1728 τάν
857 1663 1041 1750 αὐτουργὸς,
1067 1665 1123 1728 οὐκ
1139 1664 1302 1749 άγνσὴσεις
1319 1664 1375 1748 δὴ·

274 1787 337 1826 που
358 1765 398 1826 τά
422 1763 473 1828 σά·
495 1760 538 1840 αἱς
563 1765 598 1827 δὲ
618 1764 720 1849 μηδὲν
736 1766 793 1848 τῆς
807 1765 960 1847 άληδειοις
976 1763 1029 1830 διά
1039 1766 1113 1849 βίου
1129 1764 1284 1849 πρότερον
1296 1762 1375 1850 ἡγη-

275 1866 421 1947 σάμενος,
443 1863 581 1948 τάληθὲς
601 1865 692 1948 ἐρεῖς·
708 1865 760 1940 Ιαἱς
781 1868 816 1929 δὲ
837 1863 1004 1953 ῥᾳθυμίαν
1025 1865 1171 1951 ἔξορίσας
1191 1867 1419 1930 παντάπασιῐο

274 1969 330 2050 τῆς
353 1968 472 2048 ψυχῆς,
495 1963 532 2030 οὐ
554 1967 647 2050 λογιῇ
666 1964 720 2029 τὸν
742 1965 797 2030 ἒπὶ
816 1967 863 2051 τῷ
885 1966 1048 2050 πράγματι
1069 1967 1173 2030 πόνον.
1182 1965 1258 2030 -ἔστι
1274 1968 1309 2032 δὲ
1322 1966 1380 2030 κοιὶ

246 2068 326 2142 (ieie
349 2067 554 2150 παράδειγμα
575 2061 631 2148 τὴν
653 2064 810 2152 ἡμετέραν
832 2065 966 2131 ἱκετείαν
989 2065 1173 2151 ἀνενεγκεῖν.
1201 2063 1240 2132 άν
1259 2090 1293 2130 τε
1315 2064 1377 2152 γάρ

274 2165 349 2242 τοὺς
366 2165 497 2244 ἔξωθεν,
521 2161 558 2229 άν
569 2188 603 2229 τε
618 2164 690 2241 τούς
702 2165 877 2253 ἡμετέρους
887 2163 1044 2251 ἡγεμόνας
1057 2167 1256 2253 ἐνδυμηιῆἤς,
1280 2165 1377 2229 αδδιτ-

198 2245 211 2267 χ
274 2269 345 2350 μοῖς
369 2267 533 2348 άτιμάσεις
552 2264 609 2350 τὴν
632 2266 786 2355 ἱστορίαν.
828 2270 884 2334 καί
906 2260 992 2334 οὗτοι
1013 2266 1086 2355 γάρ
1105 2269 1245 2332 κάκεῖνοι
1266 2266 1320 2332 ἒπὶ
1342 2271 1375 2331 cd
1451 2333 1460 2358 Ι

277 2369 475 2455 συγγράφειν
495 2371 642 2455 καθῆκαν
656 2364 798 2448 ἱαυτούς,
812 2370 849 2433 οὐ
868 2369 970 2456 μικρά
983 2369 1036 2435 τάν
1050 2370 1250 2456 ἀνθρώπινον
1259 2370 1331 2452 βίον
1345 2369 1421 2431 ἒκῖθ

275 2469 425 2533 τοιοάτων
451 2470 576 2555 ὀνήσειν
599 2471 747 2554 οἰόμενοι.
770 2474 826 2538 κατ’
848 2469 957 2549 άπλαῖς
972 2475 1007 2538 δὲ
1020 2474 1130 2550 εἰπεῖν,
1155 2470 1256 2552 οἱμὲν
1270 2466 1379 2555 ἠθικοί

274 2572 337 2634 ταῖν
359 2570 469 2655 λόγων,
493 2569 564 2635 ὅσοι
585 2566 606 2656 ἢ
634 2570 748 2657 άρετὴν
771 2568 961 2661 ε’πῄνεσανῆ
979 2575 1094 2641 κακίαν
1106 2573 1263 2657 διέβαλον,
1287 2555 1383 2637 κάλοί

346 2692 371 2745 6.
393 2692 529 2760 interpres
540 2698 654 2765 corrigit
664 2690 860 2758 άπαλλάιτειν,
878 2698 927 2750 sed
938 2698 977 2750 nil
988 2699 1150 2750 mumadam.
1170 2696 1231 2750 Eu.
1244 2696 1274 2749 P.
1297 2697 1378 2747 immo

346 2766 497 2817 mutandum
517 2774 582 2833 erat,
603 2769 676 2836 quod
696 2776 775 2821 antea
793 2769 942 2839 legebatur,
962 2763 1161 2820 άπαλλάττιυν.

275 2866 308 2919 ad
340 2870 590 2924 reconciliationem
611 2874 777 2927 concordiae
796 2878 958 2943 propensior
976 2876 1089 2939 fuisset,
1115 2890 1194 2927 aram
1221 2874 1264 2936 bi,
1290 2886 1379 2938 aepo-

274 2946 327 2991 tem
349 2939 391 2990 iili
418 2944 445 2992 in
472 2940 711 3010 reprehensionem
730 2956 871 3000 vocarunt.
909 2948 967 3011 Qua
986 2965 1038 3017 ego
1058 2948 1240 3015 disputatione
1259 2958 1380 2995 commo·

276 3018 332 3073 tus,
352 3026 400 3063 eos
419 3014 540 3067 desidiae
562 3018 753 3083 condemnari,
773 3021 820 3086 qui
842 3020 905 3093 indp
926 3020 1108 3087 aprimordio
1125 3016 1234 3085 singula
1251 3021 1379 3083 percepit

278 3098 337 3133 cnm
357 3082 501 3149 haberent,
527 3087 626 3139 nuliam
649 3106 739 3142 eornm
760 3093 914 3143 memoriam
933 3093 1084 3157 posteritati
1104 3088 1289 3157 reliquissent.
1327 3086 1379 3139 Sed

278 3162 391 3223 possunt
417 3160 494 3208 etiam
515 3175 546 3210 ea
572 3161 599 3211 in
626 3168 766 3230 utramque
785 3169 886 3227 partem
904 3162 1052 3229 disputari,
1078 3160 1152 3229 quod
1172 3158 1298 3230 idemne
1317 3158 1380 3225 pia-

278 3228 338 3279 citia
358 3224 479 3279 Euciidis
498 3231 581 3281 aiunt.
619 3230 655 3281 Tu
685 3248 751 3283 vero
779 3234 894 3283 idoneus
920 3248 984 3285 sane
1012 3250 1057 3298 es,
1086 3232 1131 3299 qui
1152 3246 1201 3282 nos
1221 3230 1272 3280 hac
1291 3229 1380 3281 mole-

277 3300 328 3349 stia
347 3300 490 3364 expedies,
515 3316 638 3368 quaeque
657 3302 705 3353 sub
726 3302 932 3369 imperatoribus
952 3304 1024 3367 iliis,
1050 3310 1174 3371 quaeque
1193 3308 1284 3353 nestro
1310 3316 1379 3352 aero

277 3371 465 3437 contigerunt,
494 3388 646 3438 exponens,
678 3381 703 3424 et
728 3376 836 3442 quidem
860 3390 961 3426 summa
985 3390 1046 3427 usus
1072 3374 1205 3425 brevitate
1232 3371 1379 3436 scribendi,

279 3456 331 3511 qua
359 3442 417 3493 soie
446 3460 537 3494 rerum
570 3446 729 3513 investigari
760 3452 855 3512 potest.
893 3444 930 3497 Tu
957 3448 1027 3498 enim
1057 3453 1084 3499 et
1111 3446 1237 3513 quamdin
1265 3444 1380 3510 publico

278 3514 383 3566 functus
402 3530 430 3564 cs
449 3530 574 3577 munere,
599 3515 672 3567 salus
692 3518 799 3582 imperii
826 3516 915 3569 inisti:
942 3525 968 3569 et
986 3518 1069 3570 hodie
1088 3524 1261 3585 posteaquem
1281 3515 1381 3567 decur-

278 3587 316 3637 sis
340 3583 489 3636 bonoribus
515 3587 552 3635 tui
580 3587 663 3652 ipsius
685 3604 744 3659 ease
770 3589 900 3654 coepisti,
926 3591 1006 3641 vitam
1026 3596 1053 3640 et
1073 3604 1161 3641 mores
1179 3596 1240 3638 tuos
1259 3588 1380 3639 veritatis

279 3673 310 3708 ac
329 3657 448 3707 iustitiae
468 3657 602 3723 exemplar
627 3658 749 3711 effecisti.
787 3659 898 3723 Quaado
924 3662 1008 3730 igitur
1032 3676 1120 3712 rerum
1146 3665 1380 3727 gestarum-actor

280 3735 306 3781 et
325 3728 452 3779 iudiceris
470 3729 553 3779 fuisse
572 3737 599 3779 et
626 3746 690 3782 vero
717 3732 807 3793 inisti,
834 3748 903 3799 qnae
927 3732 975 3784 tibi
1001 3733 1174 3794 acciderunt,
1199 3746 1231 3782 ea
1254 3731 1379 3797 proiecto

264 3798 386 3852 'nescire
414 3814 468 3851 ιιοιι
497 3808 582 3865 potes.
620 3800 705 3867 Itein,
734 3805 799 3871 qnia
823 3804 850 3854 in
874 3805 945 3855 omni
963 3806 1027 3861 ¹vita
1050 3804 1120 3855 nibil
1145 3803 1242 3855 duxisti
1267 3803 1380 3853 veritate

280 3872 434 3939 antiquius,
455 3870 522 3922 nihii
544 3870 575 3923 ab
597 3888 628 3923 en
647 3873 765 3926 ulirnum
785 3872 954 3928 memorabis.
991 3876 1031 3927 Ad
1052 3882 1211 3937 extremum,
1236 3874 1300 3940 qnia
1319 3888 1380 3923 ora-

279 3954 340 3995 nem
364 3942 398 3994 de
424 3948 512 3994 mente
535 3945 688 3996 socordiam
713 3948 829 4015 ingesti,
854 3948 919 4015 quid
944 3946 1044 3999 laboris
1068 3948 1103 3997 sit
1128 3948 1178 3997 ista
1202 3946 1298 3997 litteris
1322 3960 1381 3996 am-

281 4012 379 4081 plecti,
407 4029 460 4065 non
480 4012 624 4081 reputabis.
661 4016 717 4070 Nec
737 4036 803 4071 vero
822 4020 938 4085 primus,
963 4017 1097 4085 nulloque
1113 4016 1237 4084 exemplo
1262 4016 1380 4069 iacturas

282 4100 326 4149 ea,
355 4085 427 4153 quod
456 4082 502 4135 abs
526 4094 557 4137 tc
577 4090 771 4142 contendimus.
808 4090 913 4142 Etenim
940 4092 1001 4142 sire
1025 4098 1166 4143 extraneos
1188 4090 1248 4141 aire
1272 4095 1380 4141 nostra·

281 4166 320 4209 tes
345 4155 413 4211 belli
438 4156 521 4207 duces
547 4162 676 4226 respicis,
704 4178 789 4231 genus
817 4163 870 4213 bec
893 4162 1051 4228 scriptionis
1077 4162 1188 4213 minime
1215 4168 1379 4213 contemnes.

281 4228 346 4283 Nam
368 4228 456 4293 ethi,
483 4234 510 4279 et
533 4229 574 4281 ilii
599 4248 654 4284 ιιοιι
678 4248 770 4300 parurn
790 4233 853 4285 inde
876 4232 1007 4285 humanae
1026 4233 1149 4285 societati
1168 4232 1319 4285 consultum
1345 4230 1381 4283 iri

281 4299 453 4364 arbitrantes,
478 4299 530 4352 bae
556 4304 656 4371 pariter
679 4320 708 4356 ee
733 4304 906 4357 demiserunt.
941 4304 1032 4373 Atque
1057 4311 1086 4355 nt
1109 4303 1270 4371 simpliciter
1292 4304 1379 4357 dictur
