3025 4900
454 380 737 448 ursrourauuu
764 387 791 446 r.
811 389 862 461 sn
1091 356 1097 364 ⁴
1118 341 1197 466 193

116 549 226 603 σαντες
244 525 301 592 καὶ
317 521 495 605 διελόντες.
536 525 715 612 όβασιλεάς
733 531 769 595 δὲ
789 529 864 615 μήτ’
878 526 971 597 advos*
988 521 1086 614 εἶναι,
1120 529 1263 616 pairac.
1274 541 1340 608 rial

115 622 280 710 ἀκηκοέναι
296 626 415 713 ἔφασκε
431 627 647 715 περὶτούτων·
674 630 863 710 ἐνδέχεσθαί
877 652 912 713 γε
927 627 999 714 μην,
1018 623 1120 716 ὥσπερ
1139 631 1197 695 νῦν

115 720 223 800 αότοῖς
240 717 289 806 δν,
310 725 341 790 εἰ
351 723 395 811 μη“
411 726 540 808 κώλυμα
557 721 599 812 ἦν
614 725 630 790 ό
648 724 806 807 ποταμός,
826 727 952 812 συνέβη,
971 723 1090 812 ἑτέροις
1109 752 1198 811 κτερι-
1251 790 1254 796 ,
1307 807 1316 820 ⁴

113 821 268 906 τυχόντας
284 821 360 899 τοός
377 827 589 910 κρατηθέντας
605 825 693 913 μάχη
712 827 938 911 διαφθαρῆναι.
960 823 1069 909 οὕτως,
1080 820 1201 911 εἴρηκεν

97 921 325 1009 όόβάρβορος,
347 925 446 999 εἰκός·
483 919 607 988 άδικίικν
622 925 727 1005 μέντοι
743 921 818 1000 τοάς
842 927 1037 1010 στρατιώτας
1063 927 1200 1000 ἐκείνους

117 1015 247 1096 ου’δενός
267 1024 478 1108 φεισαμένους
498 1017 686 1108 εἰργάσθαι,
707 1016 788 1086 άλλά
805 1019 880 1096 roric
893 1026 953 1103 μὲν
973 1022 1202 1099 άαοτινιξαντας

116 1120 149 1182 ἐν
166 1123 213 1208 τῷ
236 1119 364 1208 ῥείθρῳ,
383 1119 458 1196 τοός
473 1123 508 1185 δὲ
522 1113 804 1196 καταποντίσαντας
818 1115 966 1207 άφειδῶς.
986 1125 1117 1187 τοιαῦτα
1132 1124 1203 1185 δια-

117 1216 247 1298 λεχθείς
264 1209 421 1302 άνιῆλθεν,
449 1214 497 1284 ότι
520 1219 691 1300 Ῥωμαίων
714 1217 761 1304 εἴη
781 1217 930 1303 βασιλεδς
949 1218 967 1282 ό
989 1217 1204 1303 διαλεγόμενος

118 1311 232 1390 adroic
256 1314 428 1400 ἤγνοηκιός.
456 1316 491 1382 τό
514 1320 549 1383 δὲ
573 1315 726 1402 ποιότης
750 1321 901 1403 στρατιάς
916 1317 962 1383 ἔτι
981 1321 1020 1404 τῇ
1031 1315 1203 1400 Ῥωμαίων

86 1411 232 1490 εοὶκανάς
247 1414 502 1500 ἐνδιατρίψαντες
517 1416 657 1502 ἡμέρας,
679 1418 885 1495 ἐπανέζευξαν
902 1417 957 1481 καί
974 1415 1083 1481 αδτοί.
1109 1413 1200 1501 φήμη

118 1513 231 1593 μέντοι
247 1535 301 1587 τις.
314 1505 407 1598 ᾔρετο
421 1511 474 1577 διά
489 1513 616 1580 πάντων
628 1511 761 1596 ὁμαλῶς,
780 1513 988 1600 τός-πρότερόν
1004 1539 1039 1579 τε
1051 1512 1235 1596 βασιλεόςῃ
1335 1578 1337 1584 ,

120 1606 136 1673 ό
156 1610 370 1694 πρεσβύτερος
389 1609 477 1693 ἔχθει
493 1615 539 1700 τῷ
555 1609 634 1698 πρός
650 1613 704 1677 τόν
718 1611 841 1695 ἔγγονον
859 1611 987 1688 Σκόθας
1004 1612 1118 1691 ἐντάξαι
1125 1613 1205 1680 Ῥω-

119 1707 246 1790 μαίοις,
268 1709 324 1772 κατ’
339 1711 395 1796 νῦν
414 1704 506 1774 addit
522 1702 633 1794 ἦττον,
653 1709 760 1796 κρόφα
785 1711 1109 1794 διαπρεσβευσάμενος
1126 1709 1206 1796 πρός
1304 1735 1319 1746 “

85 1817 88 1822 ’
122 1804 250 1885 oriende,
270 1804 459 1890 βουλόμενος
474 1807 651 1892 άναστῆσαι
669 1805 808 1896 Θρᾴκην,
827 1802 876 1872 ότι
893 1812 1071 1894 προσέκειτο
1089 1811 1131 1896 τῷ
1147 1811 1205 1898 νὲιρ

89 1909 261 1986 ιὸβασιλεῖ.
298 1899 365 1988 εἶχε
384 1907 419 1970 δὲ
439 1906 524 1990 dyeia
539 1903 648 1990 οόδὲν,
676 1905 756 1971 άλλά
775 1905 876 1971 καίτοι
893 1905 956 1971 sind
969 1911 1090 1972 πολλῶν
1107 1932 1208 1994 φημι-

123 2009 256 2084 σθεῖσα,
289 2001 326 2068 τό
348 2008 469 2088 ψεῦδος
498 1998 633 2092 δκρατον
659 2002 761 2092 εἶχεν.
801 1998 873 2071 οὔτε
888 2005 948 2094 γάρ
969 2004 1121 2095 πρότερον
1136 1999 1208 2072 οὔθ’

122 2097 259 2187 ὕστερον
274 2103 328 2186 τῆς
346 2107 502 2188 Σκυθικῆς
519 2103 619 2181 αἴτιος
639 2105 755 2194 ἐφόδου
775 2103 918 2191 ἐγεγόνει.

206 2197 250 2280 μ’.
289 2195 330 2268 ‘0
349 2200 499 2284 βασιλεῦς
528 2208 563 2270 δὲ
591 2203 608 2272 o‘
637 2207 704 2280 νέος
731 2200 876 2270 κατάτό
896 2205 1127 2288 Διδυμότειχον
1154 2200 1299 2270 nalem

124 2295 179 2382 τὴν
195 2299 370 2384 Ἀδριανοῦ
390 2300 526 2388 διέτριβε
546 2304 655 2368 πόλιν·
676 2305 751 2389 περί
770 2306 805 2369 δὲ
819 2303 876 2389 τὴν
888 2307 947 2368 τοῦ
966 2305 1053 2369 σίτου
1070 2302 1209 2386 μάλιστα

92 2397 357 2485 τοσυγκομιδηνη*
381 2399 483 2467 adteri
508 2399 625 2488 γαμετὴ
654 2401 735 2491 νόσῳ
765 2407 952 2488 κατεσχέθη.
989 2404 1211 2484 διανοούμενος

128 2496 163 2559 δὲ
183 2494 240 2559 καί
254 2496 351 2571 αδτός
365 2500 410 2571 εἰς
425 2500 601 2577 Βυζάντιον
618 2500 776 2583 ἀπελθεῖν,
797 2504 998 2589 προέπεμψεν
1013 2500 1121 2586 adala,
1142 2497 1211 2582 ἅμα
1308 2567 1310 2570 .

128 2593 183 2657 aul
201 2592 256 2657 διά
276 2591 334 2678 τὴν
354 2593 462 2662 νόσον·
486 2600 636 2682 γενομένη
657 2600 747 2665 rid-iv
770 2596 958 2687 Ῥαιδεστῷ,
985 2600 1056 2665 ε’ττεί
1073 2598 1117 2684 μη
1137 2595 1210 2663 ε’δό-

129 2715 203 2757 νατο
224 2692 383 2775 ἀπέχειν,
412 2693 572 2779 ἐτεθνήκει
591 2691 790 2786 ἑκκαιδεκάτῃ
818 2696 895 2763 κατά
916 2691 1104 2782 Αὔγουστον
1122 2698 1235 2781 μῆναΒ

130 2782 268 2873 ἑβδόμης
287 2790 485 2872 ἶνδικτιῶνος,
506 2786 619 2856 οόδένα
641 2792 759 2874 ἔχουσα
780 2798 815 2860 ἐκ
833 2798 988 2877 βασιλέως
1009 2795 1119 2861 natta.
1158 2788 1210 2858 τόν

97 2888 194 2971 κ5μὲν
225 2878 282 2953 σόν
301 2886 411 2975 νεκρόν
429 2890 526 2976 αὐτῆς
545 2891 728 2973 κομίσαντες
748 2894 793 2968 εἰς
811 2889 1003 2976 Βυζάντιον,
1035 2894 1069 2959 όν
1094 2893 1212 2980 τῇτοδ

137 3044 311 3099 delevissent
346 3042 389 3097 dd
413 3043 479 3099 haec
504 3047 667 3117 imperator,
685 3044 781 3116 Neque
807 3046 880 3115 ipsos
898 3061 972 3107 esse,
999 3060 1089 3116 neque
1106 3045 1159 3097 hac
1175 3043 1210 3097 de

136 3135 166 3170 re
183 3117 335 3189 quidquam
354 3114 503 3169 audivisse:
523 3118 582 3169 fieri
606 3125 695 3169 tamen
719 3116 856 3183 potuisse,
881 3115 955 3187 quod
971 3114 1045 3167 idem
1064 3132 1137 3167 nunc
1157 3116 1211 3183 ipsi

136 3194 305 3255 paterentur,
315 3186 370 3237 nisi
382 3184 479 3239 durius
492 3188 520 3237 in
535 3186 626 3238 medio
641 3192 752 3248 vetaret,
771 3194 803 3238 nt
819 3189 848 3238 in
859 3186 927 3239 alios
940 3185 1101 3248 incidentes,
1120 3201 1211 3254 pugna

136 3258 202 3309 victi
222 3257 363 3326 perierint.
399 3254 520 3309 Assensit
530 3256 659 3308 barbarus
683 3264 715 3307 ut
729 3257 886 3309 verisimili:
914 3256 1036 3309 crudeles
1053 3254 1142 3307 nihilo
1157 3255 1214 3304 mi-

136 3344 189 3379 nus
204 3328 305 3389 fuisse,
321 3326 368 3396 qui
384 3328 501 3381 neminis
514 3329 646 3391 miserati,
663 3327 730 3377 alios
744 3327 825 3379 undis
840 3327 1034 3396 praefocarint,
1052 3326 1120 3376 alios
1135 3328 1211 3375 iacu-

137 3396 173 3449 lis
188 3398 265 3449 nullo
279 3396 434 3448 dilcrimine
448 3398 615 3449 confixerint.
652 3396 724 3447 Haec
742 3396 849 3448 locutus
866 3397 1010 3458 abscessit,
1028 3395 1134 3447 nescius
1156 3395 1213 3445 uo-

138 3482 250 3517 mannm
271 3468 462 3533 imeratorem
478 3466 559 3519 verba
585 3483 674 3517 secum
693 3466 796 3517 secisse.
832 3468 893 3518 Pars
920 3475 1012 3517 autem
1033 3482 1127 3532 magna
1145 3463 1211 3531 Scy·

136 3536 245 3587 thurum
259 3536 351 3586 multis
361 3536 473 3605 insuper
485 3535 581 3587 diebus
596 3536 726 3587 Thraciae
741 3536 891 3598 immorata,
908 3535 1019 3587 tandem
1032 3538 1087 3586 anis
1101 3532 1211 3585 sedibus
1229 3564 1236 3575 ι

137 3622 167 3656 se
180 3604 309 3657 reddidit
346 3605 427 3656 Fama
445 3607 592 3657 communis
606 3605 769 3673 percrebuit,
786 3608 920 3658 seniorem
933 3608 1121 3673 imperatorem
1135 3606 1211 3673 prius

139 3691 249 3745 quoque
265 3674 328 3725 illos
343 3684 435 3727 contra
454 3676 585 3729 iuniorem
600 3677 627 3725 in
638 3675 802 3744 provinciam
820 3676 968 3739 induxisse,
983 3682 1011 3725 et
1024 3691 1096 3726 nnnc
1107 3676 1213 3725 occulta
1295 3708 1298 3712 -

137 3744 276 3813 legatione
287 3742 359 3795 idem
371 3762 481 3808 ausum,
499 3762 552 3817 quo
566 3744 721 3805 Thraciam,
740 3754 836 3814 utpote
849 3746 925 3797 illius
945 3744 1110 3807 studiosam,
1127 3745 1214 3795 vasti-

139 3808 194 3865 tati
210 3814 367 3867 subiiceret.
404 3815 456 3866 Sed
470 3832 502 3867 ea
517 3816 585 3866 fama
607 3814 678 3867 nihil
699 3815 841 3882 probabile
857 3814 1024 3877 continebat,
1043 3824 1071 3867 et
1092 3814 1213 3884 quamvis

140 3900 158 3934 ι
172 3885 262 3936 multis
282 3886 392 3948 iactata,
409 3902 511 3936 merum
525 3884 694 3938 mendacium
709 3892 780 3950 erat,
800 3900 851 3936 nec
864 3893 943 3937 antea
956 3885 1040 3948 enim,
1055 3900 1107 3937 nec
1117 3892 1213 3953 postea

141 3953 345 4017 incausaluit,
367 3963 397 4007 ut
413 3954 527 4023 Scythae
544 3956 732 4024 irrumperent.
981 4010 985 4019 ‚
1059 3975 1065 3985 ·

213 4024 255 4091 do.
290 4026 440 4093 Imperator
456 4042 541 4095 nepos
566 4020 751 4092 Didymotiehi
778 4030 806 4074 et
825 4020 1001 4093 Adrianopoli
1019 4024 1129 4094 agebat,
1152 4040 1214 4075 cum

142 4090 193 4144 sub
213 4108 327 4144 messem
346 4096 404 4145 eius
423 4096 564 4165 coniugem
580 4096 689 4147 morbus
708 4094 822 4144 invasit:
842 4111 932 4163 quarn,
944 4092 1018 4163 quod
1035 4103 1063 4147 et
1083 4097 1141 4163 ipse
1159 4096 1214 4159 By-

141 4163 262 4215 zantium
280 4164 427 4233 cogitaret,
445 4160 526 4217 dtiaua
538 4164 573 4217 ob
590 4163 813 4223 invaletudinem,
829 4165 974 4231 praemisit
1010 4164 1077 4215 Cum
1091 4162 1215 4214 Rhaede-

141 4238 215 4283 stam
229 4234 365 4295 venisset,
383 4234 490 4287 defecta
506 4235 618 4298 viribus,
635 4234 702 4287 xv1.
718 4232 852 4285 Kalendas
865 4234 1048 4304 Septembris,
1061 4232 1214 4283 Indictione

142 4303 277 4370 septima,
297 4302 374 4367 nulla
386 4302 481 4356 relicta
499 4304 612 4370 sobole',
632 4306 661 4358 in
677 4304 733 4357 lata
756 4305 896 4358 concessit
932 4303 1038 4371 Corpus
1057 4300 1216 4369 Byzantium

175 4386 388 4442 ΰσαιαοιιιιιιιιε.
998 4388 1029 4440 rt
