3025 4900
213 295 280 356 xlv
635 290 660 350 1.
689 287 868 353 PONTANI

214 463 419 546 Nicephorum
437 463 602 544 Gregoram
618 457 714 520 multa
735 479 805 520 cum
824 459 1009 542 acrimonia,
1044 475 1075 526 et
1088 465 1183 529 basim
1200 464 1314 552 posita

217 567 266 643 (ne
298 563 426 645 amplius
456 561 619 623 rabomm
648 559 681 620 in
713 577 747 620 rc
775 580 885 641 parum
909 561 1050 644 ambigua
1076 570 1313 648 oonnrmamus)

215 662 373 724 manifeste
393 661 481 723 nobis
500 657 709 742 astipulantur.
758 659 825 720 Ubi
843 681 917 742 prae
932 661 1138 745 indignatione
1156 667 1313 728 dissimu-

214 760 294 823 latae
307 781 453 843 personae
464 761 642 836 immemor,
672 777 809 818 caussam
822 779 908 821 suam
927 763 1094 824 accuratius
1110 767 1184 846 agit,
1206 787 1315 847 quam

215 859 291 922 alius
310 883 366 942 pro
386 862 563 943 coegisset:
585 854 752 920 tametai'id
773 860 966 941 postmodum
983 863 1252 947 animadvertens,
1276 869 1313 926 in

214 961 297 1022 viam
312 961 434 1038 redeat,
466 953 647 1042 ausumque
664 961 717 1040 qui
735 960 794 1038 sit,
824 959 1013 1023 dissimulare
1030 963 1158 1028 studeat.

298 1062 440 1144 Sequitur
463 1073 498 1121 ut
522 1059 561 1122 de
587 1060 760 1122 oeconomia
789 1059 921 1121 breviter
943 1072 974 1122 tc
1001 1083 1188 1126 moneamus.
1247 1066 1313 1128 His

215 1172 345 1243 quatuor
371 1161 456 1222 libris
482 1179 530 1222 res
551 1159 607 1222 sub
628 1169 757 1240 utroque
782 1158 978 1240 Andronico,
1018 1183 1095 1243 avo,
1124 1177 1156 1226 et
1175 1178 1312 1248 nepote,

218 1271 249 1322 et
270 1261 328 1328 sub
348 1259 554 1324 Cantacrmeno
568 1257 699 1319 filiorum
722 1259 840 1339 nepotis
858 1269 976 1338 tutore,
1006 1272 1097 1344 atquc
1118 1265 1313 1347 imperatore
1337 1332 1341 1340 ,

214 1370 315 1442 gestae
328 1359 545 1442 explanantiu:
577 1359 639 1436 sic,
661 1369 696 1418 ut
717 1357 833 1439 primus
853 1357 1037 1422 discordiam
1066 1373 1098 1422 et
1112 1363 1193 1423 bella
1219 1365 1313 1424 inter
1338 1363 1343 1372 “

214 1459 424 1521 Andronicosa
458 1457 534 1524 alter
554 1457 716 1540 imperium
736 1457 880 1518 minorisa
918 1460 1025 1518 tertius
1050 1459 1166 1522 bellum
1187 1463 1311 1522 Canta.

214 1562 318 1620 cazani
345 1577 427 1632 ‚com
462 1557 714 1619 obtrectatoribus
742 1569 773 1618 et
795 1559 944 1619 inimicias
972 1569 1142 1641 postremus
1160 1562 1311 1623 eiusdem

214 1659 336 1720 victoris
365 1679 400 1726 ac
430 1657 658 1740 triumphatoris
680 1667 818 1740 tempora
838 1669 1053 1739 persequatur:
1074 1661 1108 1718 in
1131 1678 1192 1740 quo
1208 1664 1310 1723 etiam

213 1756 431 1838 subtemrntur,
462 1777 540 1841 quae
554 1759 634 1818 inter
655 1758 800 1818 loannem
814 1755 1030 1840 Palaeologum
1052 1757 1219 1841 legitimum
1242 1759 1306 1827 he·

212 1856 337 1936 redem,
369 1869 400 1918 et
411 1860 505 1941 patris
524 1861 571 1917 sui
586 1855 753 1917 Andronici
768 1875 981 1936 successorem,
1003 1877 1200 1941 socerumque
1215 1858 1305 1920 Can-

213 1967 410 2035 tacuzenum,
439 1967 469 2017 et
493 1956 627 2018 eiusdem
648 1955 745 2016 filium
760 1956 948 2018 Matthaeum
962 1959 1046 2038 (cum
1065 1957 1175 2040 quibus
1190 1959 1304 2018 ambo-

212 2057 270 2118 bus
284 2055 442 2118 dissidium
456 2058 483 2117 ei
497 2055 683 2134 intercessit)
697 2057 899 2138 eontigcrrmt.
942 2057 1077 2118 Tametsi
1091 2067 1122 2117 et
1133 2059 1165 2117 in
1180 2055 1307 2118 duobus

213 2155 366 2238 prioribus
387 2167 450 2220 tam
473 2154 570 2216 multa
590 2152 632 2214 de'
657 2151 866 2216 Cantacuzeno
887 2167 1122 2217 commemorata
1143 2168 1233 2236 sunt,
1266 2166 1307 2216 ut

215 2254 299 2338 quod
313 2256 345 2314 in
359 2252 483 2336 epistola
498 2252 586 2314 Nilus
600 2256 655 2333 ait,
674 2275 744 2314 eum
758 2249 945 2336 αὐτουργὸν,
956 2253 1015 2315 hoc
1029 2264 1086 2334 est,
1107 2254 1197 2316 rebus
1211 2257 1306 2338 ipsis-

216 2365 280 2416 met
300 2364 663 2434 coram,utectorem,
698 2351 839 2436 affuisse,
867 2353 1109 2437 aequcdeillis,
1140 2356 1305 2438 utdepo-

217 2453 392 2515 sterioribus
416 2452 644 2537 intelligendum
667 2452 818 2515 videatur.

299 2556 391 2616 Gesta
414 2566 485 2616 sunt
509 2566 611 2617 autem
631 2557 733 2617 omnia
755 2555 796 2615 ab
819 2576 898 2617 anno
919 2567 989 2639 post
1011 2558 1167 2619 Christum
1195 2568 1307 2619 natum

218 2653 377 2716 millesimo
390 2658 599 2717 trecentesimo
619 2657 766 2739 vigesimo
780 2658 899 2738 primo,
932 2656 972 2717 ad
986 2678 1099 2716 annum
1113 2654 1182 2739 plus
1202 2660 1309 2719 minus

218 2756 500 2838 quinquagesimum
521 2775 655 2833 nonum,
685 2756 772 2816 armis
792 2757 937 2816 nimirum
958 2757 1083 2838 triginta
1102 2775 1213 2816 novem
1219 2803 1230 2833 ,
1250 2766 1312 2816 aut

218 2855 349 2914 circiter.
395 2854 445 2915 Sic
467 2857 547 2915 enim
570 2856 719 2916 rationem
737 2854 944 2916 subducimus.
994 2854 1126 2915 Michael
1144 2854 1309 2915 Palaeolo-

219 2972 275 3034 gus
300 2951 413 3035 collega
428 2957 522 3034 patris
545 2956 592 3015 sui
608 2954 776 3015 Andronici
798 2965 938 3014 mortuus
952 2964 998 3014 est
1011 2951 1171 3013 millesimo
1184 2963 1306 3011 trecen-

217 3054 326 3112 tesimo
340 3054 485 3134 vigesimo
505 3053 616 3134 primo.
658 3054 776 3114 Eodem
798 3055 864 3134 ipso
877 3072 958 3112 anno
981 3053 1016 3132 (si
1030 3073 1050 3111 a
1064 3050 1231 3133 Septembri
1244 3049 1306 3111 du·

220 3172 271 3211 cas
286 3152 357 3210 anni
371 3154 503 3229 initium,
531 3163 566 3213 ut
581 3155 687 3213 Graeci
702 3152 826 3233 ducunt)
841 3152 955 3213 bellum
969 3154 1048 3213 inter
1061 3172 1174 3227 avum,
1204 3161 1236 3212 et
1248 3172 1306 3212 nc-

220 3262 322 3332 potem
337 3262 457 3330 exarsrt,
477 3251 659 3335 dinavitque
679 3254 853 3314 sexennium
882 3264 913 3313 et
926 3272 1058 3315 mensem
1085 3271 1201 3328 unum,
1222 3254 1306 3311 utin

221 3348 303 3409 calce
324 3348 395 3409 libri
415 3352 506 3432 primi
526 3350 654 3413 relatum
669 3364 724 3413 est.
765 3352 856 3416 Victo
870 3372 950 3431 avo,
971 3372 1065 3434 nepos
1078 3349 1160 3411 solus
1174 3350 1307 3431 praefinit

223 3451 350 3532 imperio
365 3452 450 3511 annis
464 3455 590 3534 viginti,
611 3456 637 3514 si
651 3474 759 3514 verum
780 3454 885 3515 scribit
905 3454 1067 3536 Gregoras.
1109 3452 1180 3529 Quo
1194 3470 1212 3509 e
1225 3450 1306 3510 vivis

223 3546 363 3628 sublato,
384 3548 569 3632 pupillorum
590 3552 715 3615 tutelam
737 3555 827 3636 gessit
841 3554 1086 3627 Cantamszenus,
1112 3551 1162 3609 vix
1177 3570 1304 3621 annum,

223 3658 259 3707 ut
273 3645 414 3730 colligere
434 3660 499 3709 est:
531 3650 674 3714 adversus
697 3674 788 3736 quem
809 3650 917 3713 deinde
937 3660 973 3711 ut
996 3662 1161 3733 tyrannum
1182 3650 1306 3709 nomine

178 3828 179 3833 ἵ
223 3746 333 3807 viduae
360 3750 578 3831 imperatricis,
614 3766 644 3814 ct
674 3754 805 3815 liberum
833 3755 898 3813 eius
919 3750 1033 3812 bellum
1064 3748 1307 3809 administratum

224 3856 271 3905 est
284 3849 369 3907 annis
384 3852 528 3932 quinque.
559 3854 606 3914 Eo
621 3856 706 3915 finito
718 3856 956 3929 Cantacuzenus,
971 3850 1042 3911 data
1057 3848 1164 3909 loanni
1178 3846 1305 3908 Palaeo-

223 3946 294 4031 logo
309 3952 341 4011 in
362 3956 587 4015 matrimonium
610 3956 691 4034 iilia,
712 3956 925 4016 decem'annos
939 3953 979 4013 ab
992 3973 1029 4013 eo
1043 3951 1215 4033 paciscitur,
1236 3946 1305 4026 qui·

226 4048 283 4110 bus
298 4072 389 4131 penes
404 4075 436 4114 se
450 4058 568 4136 imper-ii
584 4044 761 4139 gnbernatio
782 4045 852 4116 cum
866 4054 988 4114 nomine
1001 4063 1140 4112 maneat:
1164 4066 1254 4128 penes
1267 4042 1305 4103 il-

227 4147 291 4211 lum
315 4172 426 4213 nomen
464 4142 617 4217 dumtaxat
647 4168 677 4217 et
704 4156 833 4238 dignitas
864 4154 1075 4236 imperatoria,
1106 4148 1200 4209 donec
1224 4154 1305 4204 aetas
