3025 4900
269 369 392 434 mrv
702 363 729 424 ι.
764 342 941 423 rostram

270 523 397 601 iudices,
415 514 670 604 quemadmodum
686 513 760 578 olim
778 515 869 577 duces
886 514 1032 576 exercitus
1056 510 1211 596 gestabant
1222 521 1359 596 torques,

269 608 417 670 honorem
446 605 581 686 ipsorum
606 601 857 662 demonstrantes.
898 590 1068 680 τὸροὔχον
1084 615 1224 676 suprema
1248 598 1360 676 vestis,

272 690 385 772 species
406 688 497 750 restis
516 684 709 748 eGermania
719 692 893 764 apportata,
912 679 996 740 unde
1010 681 1223 740 Germanicum
1246 699 1360 739 nomen

271 772 417 847 retinuit,
449 767 544 830 Roclr.
582 769 661 828 Hinc
691 762 877 849 ῥουχαρεϊον
899 763 1073 823 vestiarium
1094 760 1216 843 speciali
1238 764 1363 821 nondne

273 849 488 933 aCuropalata
503 849 684 933 appellatur,
705 851 778 930 quia
797 846 886 908 latius
900 856 984 928 patet
1002 865 1113 906 nomen
1129 845 1263 904 vestiarii
1281 843 1365 925 apud

273 937 454 997 recentiores
480 935 621 994 Graecos.
664 929 956 1006 protovestiarius,
985 939 1020 989 ut
1038 947 1162 1010 agamus
1181 925 1364 1003 dilucidius,

274 1021 358 1100 regio
386 1017 509 1079 vestitui
542 1024 699 1098 praeerat,
732 1012 814 1094 quod
845 1011 936 1071 hodie
960 1010 1214 1071 cubiculariorum
1243 1009 1367 1070 videtur

275 1116 398 1162 munus.
439 1099 535 1179 Saepe
547 1097 638 1159 rebus
651 1097 773 1156 maximi
787 1095 933 1156 momenti
947 1093 1179 1172 adhibebantur,
1200 1101 1231 1152 et
1245 1113 1293 1152 res
1309 1111 1367 1173 per

276 1203 328 1244 eos
346 1204 409 1245 non
419 1181 559 1262 vulgares
571 1179 763 1264 gerebantur,
784 1188 820 1238 ut
832 1179 865 1238 in
876 1179 1034 1259 Lecapeno
1055 1187 1085 1238 et
1098 1177 1200 1238 Leone
1212 1173 1313 1235 Basilii
1325 1175 1365 1241 F.

276 1265 405 1326 Credeni
421 1263 525 1326 videre
543 1275 600 1326 est.
642 1262 678 1322 ln
694 1261 890 1321 Constantino
919 1260 1058 1321 Romano
1084 1258 1365 1340 F.protovestiar1i

276 1347 407 1428 dignitas
423 1349 559 1428 proxima
579 1366 598 1405 a
619 1342 783 1404 domestico
812 1342 984 1404 scholarum
1006 1353 1037 1404 et
1060 1341 1244 1419 accubitore,
1266 1339 1368 1422 biglae

277 1419 453 1512 drungari0,
467 1429 603 1510 superior
616 1426 796 1486 ostenditur.
838 1427 958 1502 Inveni,
980 1427 1033 1507 qui
1053 1424 1209 1502 scriberet,
1225 1423 1370 1482 Protove-

278 1514 415 1572 otiarium
439 1511 529 1570 fuisse
541 1510 762 1570 thesaurarium
784 1529 838 1569 seu
850 1507 993 1568 thesemo
1011 1507 1208 1588 praefectum,
1228 1508 1301 1587 quia
1314 1506 1369 1583 βε-

278 1589 420 1672 στιάριον
434 1594 717 1654 aerariumvocetur
745 1610 799 1652 seu
820 1590 954 1651 tlresauri
967 1592 1191 1670 repositorium,
1211 1592 1367 1665 ταμιεῖον.

280 1675 385 1816 31]οά1
399 1694 455 1772 ego
487 1675 611 1761 quidem
637 1676 670 1735 in
695 1673 798 1758 aliquo
828 1672 879 1735 vel
904 1681 1027 1734 auctore
1053 1670 1103 1732 vel
1128 1670 1273 1754 glossario
1296 1691 1371 1731 non-

303 1777 355 1816 um
433 1803 442 1822 .

362 1777 598 1920 adcopulat,
619 1837 815 1918 adverbum,
837 1837 949 1902 Custos
974 1836 1076 1918 legum
1095 1847 1127 1897 st
1147 1835 1241 1915 iuris,
1255 1835 1372 1920 dequo

279 1923 460 2004 magistratu
470 1919 546 1980 nibil
559 1920 650 1983 babet
665 1922 857 2005 Curopalata.

369 1994 610 2084 Λογαριάοτης,
632 2003 842 2082 Logariastss.
884 2003 913 2064 A
937 2001 1119 2085 Curupalata
1146 1999 1288 2078 additur,
1317 1997 1374 2080 τῆς

282 2079 403 2166 aalide,
425 2083 511 2147 aulae
538 2103 592 2146 seu
623 2085 739 2168 palatii.
782 2089 925 2150 Rationes
947 2087 1005 2147 init
1024 2088 1161 2148 omniurn
1181 2083 1373 2166 stipendiato-

282 2186 365 2244 rum,
383 2169 436 2249 qui
454 2169 486 2228 in
502 2163 572 2228 aula
593 2177 675 2247 sunt,
687 2171 712 2228 si
730 2170 804 2251 quid
817 2169 901 2231 deest
914 2166 970 2230 ulli
992 2169 1031 2230 de
1051 2165 1202 2251 stipendio
1221 2168 1304 2245 sius,
1319 2178 1375 2226 aut

280 2247 320 2308 ad
337 2252 493 2311 servitium
509 2251 586 2326 cius,
607 2253 691 2311 cuius
712 2271 817 2314 caussa
833 2253 982 2334 stipendia
1000 2252 1083 2312 lacit.
1126 2249 1219 2334 Apud
1234 2250 1373 2310 Nicetam

281 2341 313 2390 ct
332 2323 524 2413 φροντιστής
540 2327 596 2392 nat
608 2331 762 2414 λογιστής.
812 2333 925 2396 Valere
937 2344 1046 2416 putant
1066 2333 1167 2412 idem,
1188 2331 1272 2416 quod
1286 2353 1375 2413 quae·

282 2423 345 2473 stor
365 2422 418 2474 aut
443 2423 581 2495 receptor
603 2415 771 2499 generalis,
801 2428 853 2479 aut
874 2416 957 2501 quod
970 2418 1129 2477 Germanis
1143 2425 1188 2477 est
1207 2415 1374 2477 Kommen-

284 2496 425 2557 mar‘ster.
467 2496 544 2557 Inde
557 2494 674 2559 clarum
732 2502 756 2559 ‘s
769 2496 1067 2583 μεγαλογᾱριάστης.

360 2572 645 2659 Ἀποκρισιᾰριος,
707 2582 929 2663 pocrisr'arius.
969 2582 1021 2643 Sic
1042 2580 1246 2643 iurisconsulti
1267 2578 1375 2641 Graeci

282 2678 353 2721 eum
373 2662 550 2737 nominant,
571 2663 624 2741 qui
640 2660 838 2743 legationibus
853 2664 1011 2725 audiendis
1029 2663 1253 2746 referendisque
1271 2662 1310 2723 ad
1323 2664 1376 2723 im·

281 2752 452 2824 peratorem
472 2752 503 2803 et
520 2762 568 2803 res
589 2745 670 2805 onais
691 2744 731 2803 ab
750 2766 786 2806 eo
807 2746 915 2808 dandis
931 2748 1111 2809 constitutus
1130 2756 1188 2807 est.

364 2762 594 2905 Χαρτοφύλαξ,
617 2821 801 2906 Praefectus
813 2828 950 2887 Obortis.
971 2831 1034 2901 Qui
1048 2828 1167 2887 tabulas
1183 2828 1276 2889 babet
1293 2826 1377 2888 cbar-

283 2912 397 2983 taceas,
418 2905 458 2967 ad
470 2908 537 2966 iura
555 2904 696 2967 ecclesiae
710 2908 909 2989 pertinentes,
929 2906 1105 2966 chartarum
1115 2918 1229 2985 mistos,
1251 2911 1303 2989 qui
1318 2911 1378 2989 pri·

282 2986 393 3069 vilegia
413 2999 443 3049 at
462 2988 572 3049 similia
597 3000 750 3068 asservat,
770 2987 938 3071 praelectus
962 2991 1156 3070 scriniorum,
1186 2991 1273 3050 iudex
1296 2990 1376 3051 idem

282 3090 443 3133 causarum
457 3070 724 3133 ecclesiasticarum
750 3082 782 3131 et
805 3074 1017 3153 quaestionum
1034 3071 1312 3151 matrimonialium,
1327 3072 1378 3133 de·

283 3150 385 3214 fensor
411 3156 444 3215 in
468 3152 647 3214 clericorum
666 3156 778 3213 caussis
827 3151 923 3214 veluti
943 3173 1051 3215 manus
1076 3156 1186 3216 summi
1213 3155 1377 3216 sacerdotia

282 3232 397 3295 dextra.
447 3234 526 3295 Hinc
538 3231 638 3313 μέγας
649 3194 886 3316 χαρτοφιξλαξμ

366 3312 557 3395 Δομέστικος
585 3312 642 3395 τῆς
667 3314 854 3397 sparsim„
887 3314 1045 3401 Dapifer,
1073 3328 1127 3379 aut
1144 3318 1243 3381 simile
1261 3320 1379 3382 babens

281 3394 428 3476 officium,
448 3409 484 3459 ut
496 3398 643 3480 suspicor.

367 3478 605 3563 Δρουγγάριος,
633 3479 844 3559 Drnngsrins.
886 3476 1134 3564 Apooyydcssseu
1157 3478 1305 3567 dpovyyde
1321 3488 1377 3547 ori·

287 3559 385 3621 entale
405 3582 528 3641 nomen,
550 3572 669 3623 coetum
690 3560 848 3624 hominum
861 3584 923 3623 una
944 3569 1177 3626 commeantium
1194 3569 1376 3649 significans,

287 3654 318 3705 et
332 3652 435 3705 coetus
461 3644 542 3705 illius
567 3648 707 3727 princeps
733 3656 859 3707 vocatur
880 3647 1004 3728 Dargon
1025 3647 1075 3709 vel
1104 3650 1243 3731 Dorgon,
1259 3670 1294 3709 ex
1315 3672 1378 3733 quo

276 3726 488 3808 ·Drungerius,
516 3728 594 3789 sacta
618 3726 772 3809 epenthesi
797 3727 856 3789 tori
875 3749 894 3787 r
914 3750 971 3813 pro
990 3750 1011 3809 y
1030 3734 1193 3813 geminato.
1244 3734 1377 3809 Quidam

285 3820 395 3870 vocant
407 3809 564 3871 tribrmum
578 3810 722 3871 militum.
763 3812 908 3893 Drungus
927 3812 1052 3894 globum
1070 3816 1228 3896 significat,
1250 3817 1293 3874 ait
1301 3818 1378 3875 Tun

286 3892 382 3952 nebus
406 3890 487 3953 libro
505 3893 649 3974 vigesimo
667 3905 775 3975 quarto
797 3896 895 3976 capite
909 3898 1054 3979 vigesimo
1076 3900 1193 3978 quinto.
1226 3899 1378 3979 Vopiscus

285 3975 317 4037 in
341 3972 467 4037 Probo:
497 3974 712 4057 Triumphauit
730 3976 769 4039 de
786 3978 943 4039 Germanis
958 3990 989 4039 et
1002 3978 1136 4059 Blemiis,
1157 3982 1293 4041 omnium
1309 4002 1378 4063 gen-

285 4058 363 4117 tium
384 4058 535 4139 drungos,
556 4078 652 4138 usquc
667 4058 706 4119 ad
720 4062 931 4142 ‹pringcnarios
953 4060 1090 4123 homines
1105 4074 1175 4124 ante
1187 4064 1376 4146 triumphum

285 4138 381 4199 duxit.
423 4142 566 4223 Vegetirrs
592 4140 671 4201 libro
692 4144 783 4202 tertio
804 4147 901 4225 capite
915 4144 1032 4205 decimo
1046 4156 1140 4207 sextos
1190 4147 1274 4207 Scire
1286 4146 1377 4207 debet

285 4220 344 4283 dux
363 4221 509 4305 bostium,
531 4233 636 4287 eontra
665 4244 742 4311 quos
759 4224 891 4311 drungos
912 4225 1001 4307 (male
1013 4230 1157 4311 scriptum
1178 4227 1301 4310 drunos)
1314 4228 1375 4290 boc
