3025 4900
455 380 738 452 nurenunun
767 392 792 454 1.
812 395 863 464 σο.
1124 405 1202 493 127

119 525 243 590 σεσθαι.
277 526 341 612 πρό
361 529 480 617 χρόνου
499 539 558 618 μὲν
580 529 639 604 οῦν
657 565 741 618 τινος
759 545 814 629 τῆς
835 547 992 634 διαφορᾶς
1011 554 1271 644 κινηθείσης,λ.0.
1284 582 1345 638 1321

114 620 244 686 καὶτοῦ
258 629 333 691 νόου
347 633 502 709 βασιλέως
515 635 813 724 ι’πιστρατεόσαντός
829 667 890 729 σοι,
908 643 975 730 ἅμα
989 675 1024 715 τε
1041 653 1278 743 ἒμνήσιληςΡ.8ο

113 718 260 804 εἰρήνης,
283 723 367 791 καόό
381 726 435 805 σὸς
447 727 587 816 ἔγγονος,
609 732 713 823 ὥσπερ
727 732 769 804 dv
783 742 881 820 αῦτός
894 739 939 811 σόν
955 741 973 810 ό
995 751 1091 816 αἴτιόν
1099 803 1109 835 ,
1130 757 1201 820 καί·

111 839 162 879 τοι
181 819 284 885 δοκοῦν
294 825 330 887 ἓν
341 828 386 912 regi
400 831 523 918 πολέμῳ
538 838 739 919 πλεονεκτεῖν,
753 843 958 925 προσεδέξατο
971 847 1125 932 α’σμένιος,
1145 852 1202 919 κατ’

90 915 273 982 §tremum
288 916 398 1006 εόθός,
418 921 524 1013 οἵσπερ
549 923 589 996 ῦν
608 933 639 997 εἰ
655 937 737 1019 μηδὲ
750 935 809 1022 τήν
829 939 931 1026 α’ρχήν
945 941 963 1007 ό
978 942 1112 1026 πόλεμος
1124 975 1198 1013 συν-

110 1014 212 1098 έστη.
232 1014 304 1104 ies}
321 1017 396 1105 ήμῖν
410 1049 445 1089 τε
462 1027 518 1092 καὶ
533 1031 579 1118 τῷ
594 1030 687 1114 ῦμιῦν
704 1034 832 1126 ῦπηκόιρ
855 1040 949 1106 παντὶ
966 1043 1079 1129 ήόονής
1097 1044 1197 1112 αἴτιον

96 1117 168 1203 ’καὶ
188 1109 350 1199 εόόυραας
369 1127 522 1212 κατέστη,
555 1128 706 1215 εότυχιῦις
725 1120 792 1212 τοῖς
815 1137 989 1220 Ῥωμαιοις
1018 1143 1121 1230 ἀρχήν
1140 1144 1196 1230 τήν

108 1209 239 1326 ήμέραν
257 1217 376 1306 ἐκείνην
395 1228 626 1308 λογισαμένοις.
646 1235 718 1298 νυνὶ
737 1236 774 1300 δὲ
794 1233 927 1322 όρῶντές
946 1265 983 1306 σε
1003 1241 1057 1308 τόν
1075 1248 1194 1324 μᾶλλον

109 1335 191 1376 οντα
211 1313 348 1400 δίκαιον,
370 1319 406 1386 εἴ
416 1347 451 1387 τι
469 1325 525 1391 καὶ
542 1334 704 1415 προπετῶς
723 1332 812 1422 παρὰ
832 1339 891 1402 τοῦ
910 1338 1037 1423 ἕηφόνου
1058 1324 1116 1407 Ιτοῦ
1136 1345 1194 1410 σοῦ

65 1411 282 1496 ιοόπρόττετο
301 1412 354 1486 οἶα
373 1424 463 1506 νέου,
493 1421 548 1490 τόν
567 1428 704 1511 πόλεμον
723 1439 956 1520 καταστέλλειν,
995 1435 1194 1523 ἒξοόόεμιῦς

105 1509 217 1589 αἰτίας
242 1521 423 1602 προφανοῦς
452 1521 509 1598 τός
527 1549 563 1588 τε
590 1527 729 1605 σπονόόις
756 1533 903 1608 λελυκότα
924 1536 980 1603 καὶ
997 1544 1192 1622 πολεμοῦντα

102 1611 263 1695 φανεροῖς,
284 1615 473 1699 όθυμσῦμέν
490 1647 535 1706 τε,
555 1623 598 1700 σός
617 1625 706 1711 εἰκός,
727 1631 783 1694 καί
795 1637 967 1722 συμφορῶν
982 1632 1022 1721 cip
1023 1640 1085 1723 χήν
1098 1638 1213 1726 ἡγοῦ-Β
1286 1714 1298 1731 .

100 1712 194 1786 μεόα
214 1708 274 1794 τήν
289 1711 380 1780 λόσιν
399 1721 463 1784 τῶν
480 1726 635 1788 σπονδῶν.
653 1719 695 1789 oi
715 1725 753 1813 δή
775 1730 866 1796 ἕνεκα
886 1731 942 1800 καὶ
960 1735 1098 1817 δεόμεθά
1119 1761 1189 1822 σου,

99 1809 251 1890 βασιλεῦ,
270 1808 351 1896 πρός
363 1808 465 1907 αότοῦ
475 1823 535 1884 τοῦ
546 1821 609 1887 τῶν
627 1817 728 1908 όρκων
742 1827 863 1915 ἐφόρου
880 1835 969 1914 θεοῦ,
988 1837 1048 1898 τοῦ
1063 1839 1119 1901 καί
1134 1829 1189 1918 όν-
1258 1853 1262 1859 “

61 1906 157 1979 τ5τυς
174 1905 299 1992 εἰρήνης
315 1911 371 1976 καὶ
379 1910 595 2003 καλουμένου,
614 1919 670 1988 τόν
689 1925 826 2008 πόλεμον
845 1935 1046 2013 καταθεῖναι,
1067 1933 1123 1998 καὶ
1142 1935 1187 2020 μή

98 2007 257 2089 περιϊδεῖν
275 2006 311 2072 τό
330 2007 469 2097 ῦπηκοσν
490 2018 612 2102 όιόιτήν
632 2021 790 2110 ὑμετέραν
805 2032 999 2112 φιλονεικίαν
1012 2029 1188 2116 ἀνηκέστοις

99 2113 212 2180 κακοῖς
228 2111 420 2192 περιπεσόν.
450 2116 482 2179 εἰ
501 2120 561 2200 μὲν
581 2111 639 2185 οῦν
658 2123 799 2202 πεισθεὶς
819 2135 884 2204 τοῖς
904 2123 1066 2216 ἡμετέροις
1086 2128 1190 2214 λόγοις

97 2199 160 2285 τήν
179 2205 307 2290 εἰρήνην
324 2207 397 2274 ἀντὶ
414 2216 475 2277 τοῦ
499 2220 639 2300 πολέμου
667 2223 789 2300 μᾶλλον
809 2223 937 2314 οἷσπόσῃ
958 2230 1013 2292 καὶ
1030 2224 1090 2314 τήν
1109 2227 1190 2315 πρός

97 2299 156 2365 τόν
173 2300 301 2387 ἔγγονον
313 2305 370 2373 τόν
383 2306 441 2376 σόν
459 2310 610 2394 όμόνοιαν
626 2317 683 2383 κατ’
694 2323 865 2406 κοινωνίαν,
886 2327 942 2390 καί
959 2319 1053 2392 ositos*
1063 2326 1188 2413 προθύ-

57 2421 182 2519 ποιέθϋς
210 2405 387 2489 παρέξομεν
405 2403 541 2489 ἕαυτοῦς
568 2415 622 2480 καὶ
639 2415 697 2493 τός
714 2415 963 2533 ψυχόςᾌαότῦς,
997 2425 1030 2490 εἰ
1055 2420 1121 2492 οἶόν
1138 2451 1185 2507 τι,
1277 2458 1279 2464 “

95 2503 177 2585 υπὲρ
207 2502 271 2567 τῶν
290 2508 347 2570 σοι’
361 2531 397 2573 τε
416 2509 472 2575 καὶ
489 2515 535 2601 τῷ
554 2512 669 2605 ἐγγόνῳ
689 2520 732 2605 τῷ
759 2521 808 2607 uqi
825 2520 1049 2609 συμφερόντων
1068 2523 1187 2614 ῥρόόοος

92 2603 311 2681 προσιεμένους.
331 2599 373 2669 όν
391 2608 433 2691 d',
452 2605 474 2672 ό
492 2610 536 2696 μή
555 2618 686 2695 γένοιτο,
709 2620 849 2703 πονηροῦ
867 2644 950 2697 τινος
969 2621 1183 2706 βασκήναντος

93 2695 265 2784 δαήιονος,
298 2701 358 2788 τήν
375 2704 529 2795 ήμετέραν
547 2715 608 2794 μὲν
628 2712 740 2806 dodon
760 2716 949 2803 πρεσβείαν,
978 2728 1043 2797 τοῖς
1062 2722 1093 2787 δ’
1111 2716 1186 2787 tre-

162 2855 191 2908 is
205 2853 258 2907 Pro
279 2852 350 2927 ήμῖκ
365 2856 509 2929 legebatur
528 2858 598 2935 όμῑν
615 2872 645 2918 et
664 2866 703 2935 τό,
722 2856 759 2918 orl
775 2884 825 2939 pro
842 2870 896 2921 τοῦ
915 2876 980 2923 unte
998 2870 1056 2925 sui.

89 2996 196 3073 nepote
213 2993 245 3043 in
261 2998 291 3043 te
307 3008 382 3045 srma
398 2996 546 3061 moliente,
570 3016 631 3050 eum
656 2999 775 3069 primum
793 3001 868 3071 pacis
885 3005 1055 3055 mentionem
1073 3002 1183 3067 fecisti,

92 3062 171 3113 iitreo
189 3062 232 3126 is,
250 3079 308 3114 non
325 3080 402 3116 secus
430 3084 510 3138 qusns
535 3069 558 3119 si
577 3069 636 3137 ipse
654 3086 749 3139 pacem
767 3078 889 3139 peteret,
927 3073 1028 3125 uamvis
1047 3089 1182 3127 armorum

88 3132 217 3199 potentis
243 3136 437 3197 antecelleret,
462 3140 593 3207 petitioni
618 3139 739 3192 libenter
763 3142 853 3195 locum
871 3090 965 3206 dedit,
990 3142 1181 3195 reconciliatus

89 3210 133 3251 est
152 3203 247 3253 statim
263 3217 298 3256 ae
314 3206 338 3254 si
355 3206 461 3257 bellum
480 3208 623 3260 conflatum
638 3228 746 3279 prorsus
765 3229 905 3282 uunquam
923 3213 1035 3265 suisset:
1053 3212 1084 3264 id
1105 3211 1180 3283 quod

88 3271 174 3322 nobis
199 3280 346 3343 vestroque
368 3278 484 3343 imperio
512 3280 647 3330 contentis
676 3280 818 3344 omnibus,
844 3282 917 3334 diem
946 3284 1024 3334 illurn
1042 3283 1178 3335 Romanae

86 3342 223 3394 felicitati
249 3344 495 3413 auspicatissimum
520 3351 725 3416 reputantibus,
753 3352 885 3421 singulari
902 3354 1026 3405 laetitiae
1044 3352 1107 3410 suit.
1142 3354 1178 3405 At
1260 3366 1263 3381 '

85 3429 182 3474 nunc,
200 3426 263 3462 cum
279 3413 419 3468 rideamus
438 3423 482 3480 te,
508 3435 588 3487 quem
608 3436 725 3491 acquum
747 3430 819 3484 erat,
844 3424 867 3474 si
888 3421 955 3493 quid
974 3420 1056 3474 etiarn
1074 3430 1176 3475 temere

86 3491 117 3531 at
138 3499 176 3533 ue
194 3484 396 3538 inconsiderate
413 3504 430 3537 a
453 3496 556 3556 nepote
573 3489 609 3540 ob
628 3490 761 3542 servorem
781 3492 880 3544 astutis
899 3500 1053 3561 gereretur,
1071 3490 1176 3544 bellum

85 3500 197 3614 sciisse,
214 3553 290 3604 nulla
305 3554 340 3607 de
359 3572 439 3609 cansa
455 3558 600 3609 manifesta
615 3558 700 3611 tracto
711 3559 831 3621 foedere,
847 3562 952 3613 bellum
972 3562 1114 3631 propalam
1130 3561 1177 3613 in-

85 3622 179 3684 ferre,
196 3624 302 3686 animo,
320 3634 352 3677 ut
386 3644 416 3679 ar
435 3635 495 3691 cst,
514 3627 698 3692 concidimus,
717 3635 745 3681 et
763 3632 940 3682 violationem
958 3632 1037 3682 istam
1055 3630 1174 3683 foederis

85 3694 277 3744 calamitatum
294 3645 437 3749 oxonium
453 3699 512 3750 lore
530 3698 698 3751 arbitramur.
734 3699 813 3769 Quae
832 3702 947 3753 comita
965 3702 1102 3765 sint,.te,
1120 3702 1174 3751 im·

83 3770 216 3830 perator,
235 3781 284 3831 pcc
300 3767 378 3818 iilum
395 3768 484 3836 ipsum
506 3770 720 3821 iuramentornm
738 3770 908 3840 praesidem,
932 3773 979 3839 qui
998 3778 1085 3823 estet
1102 3768 1174 3822 dici'-

83 3841 133 3887 tur
152 3834 230 3885 Deus
248 3838 332 3903 pacis,
349 3838 534 3902 obsecramus,
552 3840 594 3890 nti
611 3855 685 3891 arma
700 3838 836 3911 deponas,
854 3856 922 3895 neve
934 3843 1070 3894 subiectos
1081 3856 1173 3909 popu-

82 3903 127 3956 los
145 3911 260 3973 propter
278 3906 443 3960 discordiam
460 3918 575 3962 vestram
593 3909 672 3962 malis
688 3912 835 3963 teterrimis
854 3910 938 3981 affligi
964 3914 1074 3981 patiare.
1093 3908 1172 3963 Situ

80 3975 168 4027 notris
182 3973 379 4040 obsecundans,
398 3980 473 4031 bello
489 3980 642 4051 repudiato,
659 3996 753 4049 paoem
769 3988 873 4033 etcum
887 3990 987 4052 nepote
1000 3978 1172 4033 concordiam

81 4046 362 4117 communionemque
379 4050 509 4113 iniveris,
526 4051 646 4103 vicissim
664 4069 714 4120 pro
733 4058 850 4123 utroque
867 4058 1001 4115 vestrum,
1021 4052 1044 4103 si
1063 4050 1170 4105 occasio

81 4114 187 4176 fucrit,
206 4115 321 4186 impigre
340 4136 391 4172 nos
409 4122 483 4189 ipsos
500 4121 655 4186 trademus,
683 4128 712 4172 et
725 4122 829 4175 animas
846 4130 952 4176 nostras
969 4120 1044 4174 haud
1062 4128 1172 4189 gravate

81 4183 162 4235 letlro
188 4188 340 4240 offeremus.
377 4190 443 4255 Sin,
468 4192 541 4259 quod
558 4193 632 4245 Deus
655 4202 829 4256 averruncet,
853 4194 924 4247 malo
949 4190 1081 4245 daemone
1099 4190 1172 4240 inri-

82 4252 187 4319 dente,
212 4274 284 4328 quae
307 4262 428 4330 petimus
448 4268 625 4333 aspernatus,
647 4262 781 4335 improbis
808 4262 1014 4356 impellentibus
1033 4268 1063 4314 ct
1077 4258 1108 4313 ln
1127 4258 1171 4313 si·
