3025 4900
253 351 309 436 60
683 369 962 440 GtMtGqutu

106 549 174 607 tc.
187 523 355 606 1321on
371 529 447 603 τοός
465 525 620 612 βασιλέως
639 529 839 612 συναθροισω
867 524 923 590 καί
938 521 1013 600 τούς
1032 524 1143 606 δμοός·
1176 524 1223 598 εἰς
1241 523 1276 586 tr
1295 523 1333 589 δέ

255 625 473 708 συνελθόντες,
499 628 555 691 καί
571 623 626 691 τόν
639 627 710 690 νέον
718 627 853 706 βασιλέα
872 621 1121 710 παραλαβόντες,
1149 615 1225 705 ὅπερ
1242 614 1333 700 οἶμαι

251 728 458 814 δυνήσεσθαι,
483 722 563 811 πρός
577 721 633 789 τόν
647 725 704 808 τῆς
717 725 839 810 Συρίας
855 720 1094 802 ἀπελευσόμεθα
1112 721 1169 784 τού
1183 719 1261 820 θεοῦ
1277 716 1332 783 λό-

250 850 311 911 γου
328 830 416 890 θεῖον
435 822 530 904 νεάν,
569 819 629 906 την
647 821 806 906 σωτηρίαν
836 817 890 884 διά
909 821 966 902 τῆς
986 813 1119 893 άσυλίας
1140 819 1195 902 τῆς
1215 816 1335 880 ἐκείνου
1420 883 1423 889 ,
1504 859 1505 862 ,

250 920 579 1011 πραηματευσόμενοι,
620 912 688 983 εἶτα
710 916 1032 1005 διαπρεσβευσάμενοι
1065 913 1144 1002 πρός
1182 915 1357 998 βασιλέαρ

254 1023 428 1106 άμνηστιαν
451 1019 619 1102 αἰτήσομεν
636 1022 698 1082 τεόν
715 1019 951 1102 τολμηθέντων·
971 1015 1027 1080 τόν
1047 1017 1091 1096 δέ,
1114 1009 1259 1079 δείσαντα
1278 1010 1336 1097 την

254 1119 375 1202 στάσιν,
395 1115 500 1204 ὥσπερ
518 1113 609 1197 εἰκός,
631 1111 713 1204 όρκρ
728 1118 783 1180 καί
795 1121 924 1198 βασιλεῖ
936 1111 991 1178 καί
1002 1109 1077 1198 ἡμῖν
1091 1115 1146 1177 καί
1157 1107 1214 1196 τὴν
1228 1105 1335 1196 οἰσφά-

253 1225 341 1288 λειαν
359 1215 579 1282 πιστώσασθαι
599 1212 655 1278 καί
668 1215 728 1299 την
746 1213 920 1298 οἰμνησειαν
936 1213 998 1278 τῶν
1015 1211 1244 1298 εἰργασμένων.
1276 1207 1335 1273 τού

252 1317 323 1380 νέου
345 1316 381 1380 δὲ
408 1316 564 1396 βασιλέως
585 1306 817 1395 άπαλλαγέντος
844 1312 904 1374 τοῦ
923 1309 1125 1396 περισχόντος
1152 1309 1207 1373 νύν
1228 1307 1336 1386 ἐξαπί-

228 1421 313 1499 θνης
325 1410 481 1495 κινδύνου,
501 1409 568 1477 τότ’
586 1403 930 1496 ἧδηβουλεοσαμένοις
950 1404 1026 1494 όπερ
1049 1401 1089 1474 άν
1108 1411 1182 1494 δοκῇ
1201 1407 1378 1488 βέλτιον,ιο

251 1516 377 1592 ε’ξέσται
392 1510 541 1599 πράττειν
558 1513 628 1574 κατ’
645 1511 800 1586 ἔξουσίαν.
840 1503 863 1593 ἢ
886 1506 947 1594 γάρ
973 1509 1009 1573 έκ
1029 1511 1086 1592 τῆς
1105 1507 1239 1592 ἠπείρου
1255 1507 1335 1587 μίαν

1320 1597 1335 1624 ii

251 1616 313 1678 τάν
332 1614 388 1696 τῆς
408 1607 527 1683 πόλεως
546 1610 655 1673 πολιόν
674 1606 875 1689 διατεμόντες
900 1605 1120 1688 ἐκπεσούμεθοι
1146 1600 1274 1688 νυκτός,
1311 1630 1332 1687 η

249 1713 314 1776 τῶν
328 1711 363 1772 ἐκ
377 1711 408 1774 Γ
406 1705 532 1782 εννούας
552 1707 610 1770 τού
624 1706 781 1789 βασιλέως
804 1705 905 1791 φιλων
927 1701 1041 1790 τριη’ρ“η
1058 1704 1137 1784 μίαν
1158 1695 1180 1787 ἢ
1199 1705 1254 1768 καί
1276 1703 1335 1770 δύο

254 1805 484 1892 πληρωσάντων
496 1803 724 1890 ἰπιβησόμεθα,
745 1803 802 1868 καί
816 1799 896 1888 πρός
910 1799 968 1876 τάς
982 1803 1158 1886 παραλίους
1176 1805 1232 1886 τῆς
1248 1800 1335 1890 Θρί-

253 1927 309 1989 κης
335 1902 441 1980 πόλεις
471 1893 586 1989 (αὗται
608 1903 740 1968 δ’·εἰσίν
760 1897 913 1986 ἡμέτεραι
930 1896 984 1964 διά
1003 1897 1039 1964 τό
1061 1897 1117 1966 τόν
1141 1897 1377 1986 Συργιάννηνιὸ

251 2003 356 2068 αὐτῶν
370 2002 611 2089 όπιτροπεύειν,)
632 1998 911 2084 διασωθησόμεθιι·
932 2000 987 2064 καί
1003 1993 1084 2064 odem
1102 1997 1229 2085 μακράν
1248 2001 1336 2083 γενό-

251 2125 341 2183 μενοι
360 2104 426 2166 τάν
447 2098 616 2181 κινδύνων,
646 2095 772 2162 άδοκεῖ
788 2100 962 2186 συμφέρειν
979 2100 1015 2163 ἰν
1032 2097 1154 2187 ύστίρῳ
1168 2097 1338 2185 πράξομεν.

253 2198 291 2264 τό
309 2203 412 2265 δδνύυ
426 2197 509 2282 ἔχον,
528 2197 614 2288 πάση
632 2199 685 2263 δεῖ
693 2195 878 2282 χρήσασθαι
891 2198 950 2261 καί
964 2191 1076 2286 άνδρίρι
1093 2198 1148 2262 καί
1162 2192 1337 2288 προθυμίη,

197 2301 201 2308 ’
227 2298 315 2366 1)καί
333 2295 450 2383 αἰτίην,
482 2296 511 2363 εἰ
526 2297 608 2379 δέοι,
640 2295 697 2384 την
717 2293 799 2380 ζωὴν
816 2295 988 2380 προθύμως
1005 2297 1225 2381 προϊεμένους,
1255 2293 1337 2362 niues

254 2401 318 2463 τῶν
341 2395 554 2481 περισχόντων
578 2393 755 2481 ἐξαρπάσαι
776 2395 928 2461 κινδύνων
951 2390 1007 2460 τόν
1030 2397 1185 2479 βασιλέα,
1216 2397 1271 2463 καί
1289 2394 1380 2481 ,teipso

251 2498 404 2583 περιϊδεῖν
422 2491 522 2561 αύτόν
541 2491 611 2576 ἅμα
626 2496 670 2582 τῷ
689 2495 800 2583 δικαίιρ
823 2489 1051 2580 διαφθαρέντα·
1077 2494 1133 2560 καί
1144 2498 1262 2580 ἰατρῶν
1275 2492 1336 2581 γάρ

251 2594 325 2672 τούς
348 2595 591 2678 ἐμπειροτέρους
610 2590 736 2679 δράμεν
761 2590 816 2657 καί
837 2594 1019 2678 στρατηγῶν
1041 2590 1117 2677 πρός
1139 2590 1178 2658 τά
1197 2599 1338 2657 κατεπεί-

251 2717 346 2777 γοντα
359 2696 492 2775 ’μᾶλλον
513 2688 700 2772 ἱσταμένους
722 2694 786 2783 τεόν
808 2686 994 2775 νοσημάτων
1012 2688 1066 2755 καί
1082 2693 1146 2756 τεόν
1166 2691 1339 2772 πολέμων.”

256 2790 382 2877 Ταύτης
394 2793 448 2877 τῆς
466 2791 582 2877 βουλῆς
599 2789 655 2855 καί
666 2787 922 2877 πρωτοστράτορι
937 2792 1099 2875 βελτίστης
1115 2784 1196 2855 εἶναι
1217 2794 1338 2877 κριθεί-
1406 2864 1408 2875 Ι

251 2944 371 3017 poteris,
398 2942 444 2997 bic
462 2946 621 3015 praestolari
639 2943 717 2997 iube:
753 2962 802 3015 ego
820 2943 887 2998 binc
903 2943 1054 3015 digressus,
1081 2947 1190 3014 nepotis
1206 2961 1337 3017 meosque

251 3014 430 3085 congregabo.
476 3018 508 3068 In
531 3032 613 3071 unam
642 3014 744 3067 deinde
769 3015 973 3068 multitudinem
997 3014 1165 3084 conglobati,
1206 3014 1336 3067 udiuucto

248 3088 315 3138 item
331 3088 511 3154 imperatore,
539 3084 614 3159 quod
630 3088 731 3154 opinor
742 3102 791 3137 nos
809 3100 905 3155 posse,
935 3085 969 3137 ad
983 3084 1102 3155 Sophine
1118 3085 1171 3136 Dei
1186 3084 1271 3137 Verbi
1291 3102 1335 3138 sa-

249 3164 414 3209 crosanctam
437 3156 532 3208 aedem
553 3174 602 3208 nos
627 3158 804 3224 recipiemus:
836 3154 877 3206 ibi
894 3154 1016 3275 denique
1036 3158 1112 3207 utin
1132 3154 1227 3221 asylo,
1253 3156 1337 3208 saluti

247 3234 357 3278 nostrae
382 3226 578 3277 incumbemus.
627 3226 800 3277 Postmodum
829 3225 919 3275 missis
945 3242 959 3275 n
1003 3239 1081 3275 avum
1108 3226 1275 3286 oratoribus,
1306 3234 1338 3277 ut

256 3312 336 3347 ansus
356 3296 386 3345 in
404 3310 434 3348 se
450 3301 556 3347 nostros
572 3292 712 3346 oblivione
729 3296 894 3364 sempiterno
904 3294 1013 3357 delent,
1029 3294 1189 3363 rogabimus
1225 3296 1258 3345 Et
1271 3297 1339 3365 quic

256 3363 434 3427 seditionem,
460 3363 536 3435 quod
559 3361 691 3415 credibile
710 3371 767 3427 est,
794 3366 905 3428 timent,
931 3373 963 3416 ut
976 3362 1153 3416 iureiurando
1171 3368 1265 3433 nepoti
1285 3384 1339 3416 no-

252 3435 352 3504 bisque
375 3442 435 3485 tum
458 3433 648 3498 securitatem,
683 3438 742 3483 tum
762 3436 964 3485 commissorum
991 3434 1067 3487 iiinm
1086 3434 1254 3488 oblivionem
1268 3452 1339 3503 pro-

252 3505 353 3556 mittet
389 3504 533 3574 Postquam
552 3522 585 3557 ex
602 3503 655 3556 hoc
670 3510 725 3555 tam
745 3502 837 3555 subito
857 3504 978 3571 periculo
1000 3506 1129 3571 evaserit,
1157 3514 1214 3556 tum
1236 3503 1339 3556 deinde

251 3574 302 3626 rbi
328 3574 560 3638 consuluerimus,
593 3572 669 3643 quod
693 3583 828 3642 praestare
850 3573 1005 3637 videbitur,
1035 3576 1094 3626 cius
1126 3573 1226 3643 agundi
1250 3574 1340 3626 libem

251 3651 371 3713 potestne
398 3644 458 3695 crit.
495 3646 554 3695 Ant·
576 3646 682 3695 enims
703 3644 861 3709 continente
880 3662 935 3695 nnn
953 3642 1028 3695 urbis
1048 3652 1127 3713 porta
1147 3650 1265 3707 effracto,
1286 3662 1340 3696 no-

253 3711 403 3765 etuabundi
421 3728 609 3781 erumpemus:
628 3720 675 3765 cut
690 3713 838 3777 Genun'tes,
856 3716 964 3783 nepotis
977 3717 1086 3777 amicos,
1105 3716 1240 3766 triremem
1258 3732 1341 3765 riuum

252 3784 366 3836 binrsve
383 3784 528 3835 instructus
546 3784 648 3836 anxilio
666 3798 822 3853 poscemus,
861 3784 939 3837 etad
957 3786 1104 3837 maritimus
1123 3785 1253 3837 Thraciae
1270 3786 1348 3837 ciui-¹

252 3861 337 3917 tutes,
360 3869 448 3923 quae,
474 3856 603 3921 quoniam
621 3870 637 3905 a
655 3855 803 3925 Syrginnue
823 3863 966 3925 reguntur,
990 3872 1005 3905 n
1028 3854 1109 3906 nobis
1127 3863 1203 3917 sunt,
1232 3855 1342 3907 incolu-

252 3938 310 3976 mes
329 3923 521 3992 prosuqiemns.
562 3925 652 3993 Atque
669 3924 708 3976 its
725 3925 821 3992 procul
839 3925 983 3995 periculis,
1008 3940 1079 3994 quoe
1096 3926 1125 3975 iu
1143 3942 1198 3977 rem
1220 3934 1341 3977 nostrum

253 3994 513 4055 existimaverimus,
540 3992 574 4045 de
594 4002 685 4045 cetcro
702 4012 890 4065 exsequemur.
930 3994 1008 4046 Nunc
1033 3997 1131 4050 animis
1157 4012 1225 4064 opus
1244 4004 1272 4046 et
1287 4010 1341 4065 pe-

253 4070 328 4115 ctore
348 4064 439 4116 iirmo:
472 4080 561 4126 nnnc,
591 4063 614 4113 si
632 4080 675 4115 res
694 4064 841 4134 flagitabit,
871 4065 931 4134 ipsc
954 4078 1008 4144 quo
1031 4080 1065 4117 ue
1088 4066 1178 4117 nnimn
1201 4064 1340 4134 intrepide

251 4131 452 4202 impendendo,
484 4150 539 4204 quo
557 4134 746 4202 imperatorem
772 4138 941 4188 iunioreme
962 4082 1051 4187 medio
1070 4136 1228 4187 discrimine
1248 4142 1340 4186 extru-

251 4203 362 4266 bnnus',
387 4222 438 4255 nec
455 4220 516 4255 eum
536 4206 566 4255 in
585 4220 664 4255 cnuss
684 4205 755 4257 iustu
774 4206 832 4275 rupi
855 4206 888 4257 ad
906 4206 1048 4257 interitum
1085 4207 1217 4257 atiamurr
1251 4206 1340 4275 siqui·

252 4271 315 4327 dem
333 4282 363 4327 et
381 4274 501 4327 medicos
518 4282 548 4327 et
565 4273 632 4327 beili
650 4274 733 4327 duces
750 4277 982 4346 experientium,
1007 4222 1109 4331 morbis
1129 4291 1161 4328 ια
1178 4276 1276 4346 pugnis
1295 4275 1341 4326 in·
