3025 4900
474 407 819 479 fflsrouuuuuu.
840 421 891 489 37·
1137 389 1215 482 531

143 589 198 654 ρος
216 565 234 630 ό
255 565 346 648 ύμιδν
367 560 520 650 δεσπότης
546 566 762 632 ἀπολαύσεται
785 569 820 632 όκ
843 571 900 654 τής
919 565 1120 649 ἀποστυσίας.
1139 575 1170 640 εἰ
1186 575 1287 642 duc.
1299 583 1365 658 ¹³39

143 661 206 749 ἄρα
225 667 281 729 καδ
301 661 562 749 συγχωρήσωμεν
588 669 771 754 παρασκευῇ
797 665 916 754 μεγάλῃ
947 671 1158 755 Ταραντίνους
1186 673 1222 738 εἰι

140 767 198 849 τῆς
231 767 347 838 οἰκείας
375 761 570 848 ὁρμηθέντας
602 766 716 830 ἐνθάδε
742 761 850 849 ήκειν,
884 759 1000 851 ἄδηλον
1023 770 1082 848 μὲν
1116 770 1146 834 εἰ
1167 771 1223 836 καί

142 860 226 930 ούτω
249 861 434 948 δυνήσονται
459 861 544 948 ήμός
568 864 776 950 Ἀκαρνανίας
799 866 958 948 ἐξελάσαι,
987 863 1020 930 οδ
1038 862 1112 932 ούδὲ
1143 867 1222 956 πρός

120 963 256 1045 ὁμόνους
276 957 482 1047 Ἀκαρνᾶνας,
503 961 607 1026 καίτοι
622 985 657 1046 γε
681 963 831 1039 πολλάκις
847 963 1110 1050 ἐπιχειρήσαντες,
1131 961 1223 1051 ἴσχυ-

141 1088 203 1128 σαν
232 1063 331 1148 χωρίς
361 1064 474 1147 ζημίαις
504 1061 684 1139 ἀπαλλάξαι
711 1067 929 1146 πολεμοῦντες.
972 1065 1002 1129 εἰ
1025 1065 1054 1127 δ’
1080 1057 1142 1150 ἀρα
1169 1067 1249 1131 καδΒ

140 1165 236 1227 τούτο
259 1164 403 1246 δοίημεν,
423 1158 460 1225 τό
488 1161 580 1246 ήμαῖν
605 1156 720 1237 αύτούς
752 1161 912 1249 ὀφθέντας
939 1163 1095 1249 κρείττους
1119 1189 1224 1250 παρα-

141 1257 321 1344 στήσασθαι
345 1257 404 1336 τάς
425 1259 528 1336 πόλεις
535 1311 545 1342 ,
565 1260 635 1326 τότε
661 1285 697 1344 γε
720 1258 796 1343 ύμῖν
816 1258 856 1328 τά
881 1261 1051 1345 πράγματα
1073 1256 1224 1345 ούδεμιάς

139 1361 263 1441 βέλτιον
277 1361 339 1435 ἕξει
360 1359 565 1444 δυσπραγίας.
604 1359 725 1445 ἀνάγκη
738 1360 798 1446 γάρ
815 1360 902 1441 ύμᾶς
919 1361 1029 1438 αύτοῖς
1053 1361 1222 1432 δουλεύειν.

102 1450 182 1520 τοού
203 1454 262 1542 γάρ
287 1458 388 1541 δήπου
411 1479 447 1541 γε
472 1458 693 1543 ἀνοηταίνουσι
723 1462 890 1540 τοσούτου,
909 1454 989 1524 diurn
1018 1451 1058 1524 ού
1078 1459 1225 1536 πολλάκις

139 1553 366 1640 ἐπεθύμησαν,
397 1554 478 1639 μετά
506 1556 580 1633 τούς
607 1555 762 1641 μεγάλους
791 1557 905 1633 πόνους
932 1559 987 1622 καί
1012 1557 1174 1635 κινδύνους
1198 1561 1229 1622 εί

141 1657 310 1738 παρέσται,
330 1651 464 1740 ἀνάγκης
480 1656 632 1737 ούδεμιύς
646 1655 809 1741 παρούσης
828 1655 903 1736 ύμῖν
926 1661 1098 1742 προέσθαι
1133 1649 1227 1721 όποίαι

142 1753 225 1837 δὲή
256 1753 457 1838 Ταραντίνων
483 1758 540 1819 καί
555 1757 620 1820 τεόν
650 1747 754 1819 ἀλλων
783 1755 934 1820 Λατίνων
958 1757 1086 1820 δουλεία
1092 1806 1102 1837 ,
1135 1750 1230 1820 adrat

141 1847 211 1916 ἴστε
233 1852 327 1941 πείρρι
347 1855 469 1936 βέλτιον
501 1853 603 1939 ήμῶν.
643 1851 722 1919 άόοτε
739 1850 801 1917 εἴτε
811 1853 1074 1940 συμμαχήσουσιν
1101 1853 1177 1934 ύμῖν
1197 1851 1321 1922 otvnrt

102 1955 334 2037 ιὸΤαραντῖνοι
341 2001 352 2033 ,
372 1952 437 2017 εἴτε
445 1950 512 2037 μή,
533 1951 595 2018 εἴτε
614 1954 796 2038 νικήσουσιν
812 1951 914 2037 ἡμᾶς,
943 1952 1008 2018 ἐἴτε
1029 1948 1226 2037 ἡττηθήσον-

140 2073 196 2112 ται
221 2039 322 2130 αύτοί,
344 2044 438 2116 ούδὲν
453 2048 529 2132 ύμῖν
543 2052 679 2116 ἐλλείπει
702 2054 761 2116 τού
781 2047 827 2136 μή
848 2053 893 2128 εἷς
920 2049 1052 2135 ἔσχατον
1077 2049 1223 2116 κινδύνου

139 2146 327 2232 ἀφικέσθαι
369 2149 408 2213 ού
428 2147 493 2234 μήν
515 2143 585 2214 ἀλλ’
604 2149 680 2214 ούδδ
697 2145 783 2234 ἡμᾶς
803 2147 1058 2234 ὀλιγωρήσαντος
1086 2147 1139 2214 διά
1169 2146 1251 2226 τόνο

135 2242 257 2329 χρόνον
284 2240 521 2330 ἀποστήσεσθαι
540 2251 596 2330 τῆς
618 2250 799 2329 πολιορκίαις
826 2246 968 2330 οἴεσθαι,
994 2251 1071 2314 ναόν
1096 2249 1230 2331 ἐχόντων

138 2345 228 2406 ἐστίν
250 2341 437 2427 ἀνθρώπων.
479 2345 518 2405 ού
538 2341 598 2428 γάρ
623 2344 661 2428 δή
683 2345 779 2406 αύτοδ
796 2343 1020 2424 καθεδούμεθα
1035 2349 1134 2428 μέχρι
1147 2366 1228 2411 παν*

93 2435 197 2514 εοτός
216 2437 303 2518 ύμᾶς
321 2443 563 2524 πολιορκούντες.
603 2441 662 2505 νύν
679 2441 739 2521 μὲν
758 2437 819 2525 γάρ
850 2441 1001 2523 βασιλεύς
1029 2439 1168 2523 οἰόμενος
1196 2445 1229 2523 ἐξ

141 2532 255 2602 adcor
284 2538 496 2619 διδαχθέντας
522 2540 584 2603 τεόν
612 2539 826 2624 πραγμάτων,
863 2538 907 2613 ιός
937 2540 975 2603 σύ
1008 2544 1229 2605 λυσιτελοῦντα

136 2633 375 2719 ἐβουλεύσασθε
395 2635 473 2716 ύμῖν
493 2634 619 2718 αύτούς,
638 2633 845 2718 μεταγνόντες
873 2633 1112 2721 προσχωρήσετε
1134 2636 1229 2725 αύτῷ,

135 2730 242 2811 αύτός
269 2759 304 2799 τε
330 2732 377 2800 ἔτι
404 2737 564 2820 περιμένει
593 2734 648 2799 καὶ
675 2736 749 2800 eddi
778 2732 836 2811 τάς
864 2737 985 2819 κτήσεις
1005 2735 1097 2815 ύμαόυ
1116 2732 1174 2810 τός
1193 2735 1228 2799 δν

134 2843 212 2912 ταῖς
233 2826 343 2911 άλλαις
363 2834 472 2914 πόλεσι
491 2838 666 2928 παρέσχετο
685 2830 813 2921 ἑτέροις·
833 2826 873 2901 άν
894 2836 930 2899 δὲ
949 2831 1074 2919 ἀπυγυό
1094 2830 1152 2918 τήν
1169 2856 1228 2915 μει

135 3019 162 3072 si
184 3020 265 3070 etium
285 3016 510 3082 concederemus,
536 3034 597 3069 cum
616 3016 721 3088 ingenti
746 3024 877 3086 apparatu
897 3017 1045 3069 concitatos
1064 3016 1118 3069 huo
1134 3016 1227 3071 venire

136 3091 326 3153 Tarentinos,
343 3090 477 3141 incertum
495 3096 555 3153 est,
580 3104 644 3140 nuru
667 3088 750 3140 etsie
769 3100 819 3141 nos
838 3084 986 3139 Acarnania
1010 3094 1113 3158 queant
1129 3087 1226 3159 depel-

133 3160 215 3211 lere:
237 3160 284 3230 qui
302 3176 353 3211 nec
371 3176 386 3208 s
404 3159 469 3211 solis
490 3158 692 3220 doemonibus,
711 3160 831 3227 quumvis
852 3174 897 3209 eos
917 3174 997 3226 saepe
1016 3159 1146 3227 aggressi,
1165 3158 1226 3211 eine

135 3230 306 3281 detrimento
326 3237 475 3298 potuerunt
493 3228 640 3281 discedere.
677 3227 758 3298 Quod
777 3230 800 3279 si
819 3236 847 3279 ct
864 3226 916 3280 hoc
936 3230 1075 3290 daremus,
1095 3228 1158 3280 iilos
1171 3246 1225 3279 no-

136 3300 188 3351 bis
214 3301 381 3367 potentiores
411 3301 592 3363 existimatos,
618 3297 898 3360 urbessubscturos:
932 3298 1021 3349 nihilo
1050 3299 1138 3349 minus
1166 3306 1225 3349 tum

139 3386 255 3441 quoque
273 3370 369 3421 misera
388 3370 441 3420 erit
453 3378 542 3421 vestra
560 3378 588 3420 et
613 3369 711 3420 infelix
733 3368 863 3420 conditio.
900 3367 1055 3420 Necessario
1077 3370 1149 3419 euim
1168 3368 1224 3419 iliis

134 3440 274 3496 servietis.
310 3439 371 3490 Non
390 3440 463 3490 enim
481 3440 602 3508 proiecto
623 3438 692 3491 adeo
709 3439 872 3506 insipientes
891 3449 964 3497 sunt,
984 3446 1014 3489 ut
1032 3436 1106 3507 quod
1129 3455 1225 3508 saepe*-

134 3525 255 3563 numero
277 3509 436 3579 cupierunt,
464 3512 488 3561 si
509 3508 537 3561 id
556 3516 618 3578 post
634 3525 743 3579 magnos
769 3508 874 3575 tubures
893 3517 920 3560 et
937 3508 1058 3577 pericula
1076 3525 1224 3579 assequan-

136 3590 210 3642 tur,
237 3581 303 3631 cius
329 3580 412 3630 utinm
441 3580 628 3632 necessitatem
653 3582 731 3632 robis
759 3578 923 3635 condonent.
959 3578 1047 3647 Quuie
1078 3586 1169 3629 nutem
1196 3578 1224 3631 et

138 3666 226 3723 quem
244 3648 341 3701 durum
350 3650 562 3703 Tarentinorum
581 3652 751 3721 aliorumque
771 3648 928 3699 Latinorum
947 3650 1091 3716 imperium
1113 3650 1157 3711 sit,
1175 3644 1221 3701 vos

138 3720 313 3785 experientis
332 3720 390 3786 ipss
415 3720 514 3770 melius
532 3736 611 3790 quum
629 3738 678 3772 nos
704 3719 878 3789 cognovistis.
914 3718 1049 3787 Quocirca
1067 3720 1123 3769 sive
1141 3716 1223 3769 adiu-

135 3790 275 3841 vabimini
294 3807 310 3840 ι
331 3788 508 3852 Tsrentinis,
536 3791 592 3842 sive
616 3806 685 3843 nou:
710 3791 766 3842 sive
790 3806 839 3842 nos
864 3790 993 3851 vicerint,
1021 3788 1075 3839 sive
1101 3806 1117 3839 a
1141 3788 1221 3841 nobis

135 3860 307 3922 vincentur,
335 3858 407 3911 nihil
436 3860 545 3923 oberit,
574 3860 718 3933 quominus
749 3862 780 3911 tn
803 3860 929 3910 extremis
968 3858 1044 3908 mults
1068 3858 1222 3917 versemini,

138 3926 198 3981 Sed
218 3945 252 3978 ne
292 3945 374 3981 enos
402 3929 584 3983 diuturnitate
607 3932 774 3983 remissiores
792 3930 877 3981 suctos
895 3926 1065 3980 obsidionem
1087 3927 1221 3980 soluturos

136 3996 267 4049 arbitrum
293 3998 435 4067 prudentis
454 4008 496 4051 cst
510 4000 636 4055 hominis.
672 4000 726 4052 Nos
746 4001 800 4069 ipsi
822 3998 931 4068 quidem
949 4015 1005 4050 non
1023 4014 1128 4067 semper
1145 3996 1222 4051 vobis

135 4066 332 4121 assidebimus.
366 4066 445 4122 Nunc
469 4072 542 4121 cuim
568 4074 734 4140 imperator,
761 4066 895 4120 arbitrans
913 4070 972 4137 ipso
996 4078 1093 4121 eventu
1112 4066 1222 4131 doctos,

137 4152 226 4209 quam
243 4136 277 4189 dc
293 4138 431 4192 nobismet
455 4141 524 4193 mole
541 4143 714 4205 merueritis,
741 4146 845 4191 mutatu
870 4137 1010 4191 voluntate
1028 4138 1063 4190 sd
1086 4152 1114 4189 se
1132 4153 1224 4187 ncces-

134 4216 234 4269 suros,
258 4216 287 4261 et
303 4212 362 4278 ipre
380 4209 469 4260 sdhuo
486 4218 639 4279 exspectnt,
666 4218 695 4262 et
711 4228 776 4283 quus
794 4210 824 4261 iu
842 4208 904 4261 sliis
921 4208 1035 4260 urbibus
1053 4204 1160 4258 habetis
1180 4206 1222 4257 fv

135 4276 274 4345 culatis,
289 4275 411 4333 nondum
431 4282 462 4332 tn
478 4280 547 4334 ulios
563 4279 699 4352 dispertit
734 4278 828 4335 Siros
845 4280 979 4334 calculum
995 4278 1153 4331 reducturos
1172 4274 1224 4329 de-
