3025 4900
231 327 238 340 ·
320 268 399 370 ι-ιά
714 285 994 356 camacuzmu

165 458 298 518 turin
310 447 356 535 μὴ
370 444 468 534 μικρά
479 467 552 510 τινα
568 447 625 508 κατ’
638 439 775 518 παιδίοις
785 443 945 528 ’πρέποντα
958 435 1164 528 ἡμαρτηκότι.
1181 435 1252 504 insi
1268 439 1299 502 δ’
1308 431 1393 502 οότω

310 544 530 632 συνεχώρησεν
550 541 568 607 ό
588 539 664 617 θεός
673 543 736 605 τοῖν
750 545 836 622 όμιόν
852 545 942 608 ἕνεκα
955 537 1081 614 πάντως
1097 539 1235 624 ἀπείρων
1249 536 1394 622 άμαρτη.

308 647 430 732 μάτων,
444 645 540 707 πάλιν
553 640 641 727 αὐτῷ
654 637 789 725 χάριτας
803 637 946 722 όμολογιδ
957 637 1083 718 πολλάς,
1105 631 1156 701 ότι
1175 635 1229 720 μὴ.
1239 633 1394 720 πρότερον

308 743 466 811 κατέλυσα
489 741 548 827 τὴν
574 737 658 823 ζωὴν
669 789 679 820 ,
697 737 783 824 ιιρόνΙ
799 737 977 823 ἐπιτηδείου
1002 737 1117 821 καιροῦ
1140 742 1252 818 τυχεῖν
1273 730 1392 815 οὕτως,

308 840 390 910 aiore
401 843 579 926 δυνηθῆναι
588 840 644 903 κατ’
657 834 691 903 τό
701 831 814 902 άδολον
828 839 883 922 τῆς
897 839 1023 922 γνάμης
1038 833 1094 900 aui
1106 831 1161 919 τὴν
1174 837 1219 910 εἰς
1235 836 1271 899 σὲ
1286 825 1419 898 τάττετ’-5

231 937 239 950 ’
282 948 407 1013 vietor
433 939 488 1004 καό
509 935 680 1022 δουλότηια
702 933 844 1023 φανεράν
868 939 1072 1020 καταστῆσαι.
1112 934 1153 1000 osi
1183 937 1242 1016 μὲν
1263 924 1335 1016 σόν,
1364 927 1396 997 ci

309 1035 443 1124 βασιλεῦ
448 1091 458 1121 ,
479 1040 536 1122 τῆς
550 1038 608 1120 σῆς
620 1039 680 1117 μὲν
695 1029 850 1119 ἀνεψιᾶς,
877 1038 955 1120 ἐμῆς
971 1035 1007 1098 δὲ
1022 1031 1131 1116 θείας,
1160 1034 1388 1118 διαπρεσβευο-

306 1143 422 1224 μένης,
451 1129 569 1226 ᾔτησας
590 1131 651 1199 ὅσα
676 1128 783 1209 uidae.
814 1131 874 1217 ἐγώ
890 1135 920 1198 δ’
935 1137 971 1199 ἐν
987 1131 1103 1209 ἱκεσίοις
1118 1135 1207 1220 μέρει
1228 1129 1315 1218 παρά
1333 1139 1397 1195 τοῦ

306 1239 444 1322 μεγάλου
472 1238 625 1319 βασιλέως
642 1233 723 1298 αἰτοῖ
742 1232 799 1297 sui
814 1234 894 1296 deod
901 1283 911 1314 ,
940 1237 976 1298 σὲ
993 1236 1053 1315 μὲν
1072 1231 1126 1298 ε’πδ
1148 1237 1274 1308 πολλοῖς
1291 1225 1397 1295 ἔτεσιν

306 1341 341 1404 έν
364 1340 461 1416 ζιόσιν
472 1330 568 1416 εἶναι,
595 1330 651 1398 καὶ
670 1329 728 1417 τὴν
744 1330 911 1412 Ῥωμαίων
927 1328 1033 1417 άρχὴν
1047 1332 1186 1414 ῖδόνειν,
1214 1333 1271 1412 έμέ
1287 1332 1324 1396 δὲ
1338 1326 1441 1396 οἴοιτο

308 1435 421 1500 δοῦλον
436 1432 494 1499 σόν
509 1428 654 1513 saisitis,
675 1423 696 1518 ᾗ
716 1429 852 1508 aetesiae
866 1425 975 1512 οὗτός,
1003 1427 1037 1496 τό
1051 1429 1320 1516 προσταττόμενον
1340 1433 1397 1496 ἑκ-

304 1534 457 1618 πληροάν·
497 1534 558 1595 τοῦ
574 1527 694 1616 χρόνον
715 1527 756 1614 δὴ
779 1525 959 1616 προϊόντος,
987 1525 1122 1616 άφιλυν
1141 1531 1209 1595 tiore*
1224 1533 1305 1620 θεῷ,
1325 1553 1397 1593 τοι-

310 1635 383 1696 αῦτ’
405 1632 649 1713 οἷκονομηδῆνιιι
668 1625 742 1714 περὶ
768 1629 862 1712 η’μάς.
903 1629 934 1692 εἰ
948 1631 1009 1710 μέν
1033 1620 1090 1694 οὖν
1114 1629 1265 1716 πρότερος
1294 1623 1397 1706 aitte

308 1729 435 1794 οἷποστῶ
450 1729 510 1792 τοῦ
522 1730 587 1816 ζῇν,
607 1729 663 1792 ἐπὶ
677 1725 731 1792 σοι’
744 1724 804 1811 την
821 1724 924 1813 ἀρχὴν
935 1731 1061 1792 κεῖσθαι
1080 1730 1195 1810 πόσον,
1217 1725 1297 1794 οἷσθ’
1308 1725 1329 1791 ά
1342 1750 1398 1792 σοι

303 1833 392 1894 δοκεῖ
419 1831 596 1914 συμφέρειν
630 1835 749 1892 ποιεῖν·
781 1828 811 1892 εἰ
828 1829 859 1891 δ’
877 1819 941 1912 άρα
962 1828 1055 1911 σύγε
1072 1822 1150 1913 πρὸς
1168 1824 1224 1902 τάς
1244 1829 1442 1904 αιόινίουςιὸ

293 1924 533 2022 ,ι’μετακληδὴση
550 1921 664 2008 μονάς,
692 1922 766 2008 ipos*
778 1923 870 1989 nelias
882 1925 941 2008 την
958 1925 1124 2010 ἦγεμονάιν
1147 1924 1320 2009 Ῥωμαίων
1334 1953 1396 1992 κα-

229 2044 257 2098 Ρ.
270 2028 528 2113 Ίθταλειφθῆναι.
549 2027 652 2089 ταῦτα
671 2028 731 2106 μὲν
752 2015 810 2088 osia
830 2018 904 2088 όποι
917 2027 959 2112 τῷ
978 2027 1043 2113 θεῷ
1060 2023 1153 2112 prior
1180 2025 1321 2108 ἀγέσθω·
1335 2052 1396 2091 νυ-

310 2130 345 2192 νί
363 2129 399 2190 δέ
416 2121 551 2208 όνάγιιης
567 2146 601 2186 τε
622 2119 677 2186 καί
691 2122 803 2198 αἰδοῦς
825 2123 1051 2206 μεριζομόνης,
1070 2121 1238 2209 λόχυσενὴ
1261 2118 1393 2210 ἀνάγκη,

303 2227 362 2288 καί
381 2247 413 2288 τι
440 2221 504 2286 τῶν
529 2219 574 2306 μη
598 2218 817 2306 προσηκόντων
837 2217 892 2286 καλ
914 2219 1116 2286 όπαιόεότων
1135 2219 1191 2287 καί
1214 2225 1315 2306 λέγειν
1334 2225 1394 2288 aaa·

303 2320 452 2406 πράττειν
476 2322 656 2404 βιαζομένη.
697 2318 770 2384 δέον
789 2315 849 2406 γάρ
878 2322 934 2384 καί
950 2319 1036 2405 ἡμᾶς
1056 2317 1174 2394 αότοός
1201 2323 1256 2386 κατ’
1283 2321 1437 2398 πόλειςοο

301 2421 357 2485 καὶ
373 2419 525 2507 χρήματα
546 2420 601 2484 κατ’
613 2418 697 2502 όμοῦ
715 2415 819 2484 πάντα
837 2441 889 2483 σοι
903 2416 1089 2506 ἐγχειρίζειν
1094 2469 1104 2500 ,
1126 2419 1214 2485 δυεῖν
1230 2422 1320 2486 ἕνεκα
1338 2423 1392 2487 αό-

300 2521 379 2585 τιοόν
401 2515 516 2605 ἑτέρως
536 2518 762 2603 ἠναγκάσμεθα
785 2526 893 2583 ποιεῖν.
934 2522 969 2583 ἓν
984 2520 1059 2599 μὲν,
1082 2512 1130 2581 ότι
1144 2519 1202 2604 την
1226 2522 1286 2601 μὲν
1308 2518 1390 2605 ἐμόν

301 2619 350 2691 εἰς
364 2615 399 2681 τό
422 2618 463 2681 τό
479 2604 531 2680 σοι
548 2615 628 2701 φιλο
644 2614 790 2702 πράττειν
811 2618 994 2703 προαιρεσιν
1014 2616 1070 2679 καί
1087 2613 1145 2701 την
1157 2619 1234 2701 περί
1242 2640 1278 2682 σε
1295 2618 1391 2704 τιμάν

222 2722 341 2796 λ’.59τε
362 2712 418 2779 soi
435 2716 518 2778 αἰδοῦ
535 2714 611 2788 θεός
630 2736 665 2779 τε
685 2710 770 2779 οἶδεν
789 2713 807 2776 ό
830 2713 869 2779 τό
885 2710 1083 2801 κεκρυμμένα
1097 2710 1198 2798 εόόιός,
1218 2714 1273 2779 καὶ
1286 2714 1391 2801 αότός,

287 2872 446 2935 ,dumtaxat
480 2874 683 2945 pueritiamque
713 2873 873 2927 delictorum
892 2872 960 2925 milti
978 2890 1036 2926 esse
1055 2875 1199 2927 eonseium.
1236 2876 1307 2945 Quia
1322 2893 1388 2931 vero

203 2968 212 2985 ι
302 2952 417 3015 propter
434 2944 645 2996 innumerabilia
667 2953 775 3012 peecata
794 2962 853 2997 mea
879 2946 952 2997 Deus
979 2944 1031 2996 hoe
1053 2946 1191 3012 permisit,
1226 2964 1333 2999 rursum
1360 2950 1390 3001 ei

303 3015 385 3067 etiam
400 3021 482 3083 atque
500 3016 582 3067 etiam
599 3016 694 3083 gratias
707 3031 772 3085 ago,
790 3014 864 3085 quod
875 3032 931 3067 non
944 3022 1007 3067 ante
1021 3016 1105 3075 vitam
1120 3015 1204 3081 finivi,
1222 3033 1301 3088 uttam
1316 3026 1389 3069 tem-

232 3094 240 3101 “
299 3101 352 3155 pus
364 3082 493 3137 idoneum
504 3085 690 3147 nanciscerer,
710 3101 765 3155 qno
787 3093 815 3135 et
831 3084 975 3137 eandorem
990 3085 1074 3138 animi
1092 3086 1162 3149 mei,
1187 3086 1389 3140 et'obediendi

299 3153 440 3217 studium,
470 3171 501 3205 ae
519 3153 719 3205 subiectionem
739 3170 825 3203 meam
847 3154 900 3206 tibi
924 3154 1062 3207 declarare
1081 3170 1197 3223 possem.
1239 3160 1281 3209 Tu
1296 3159 1389 3227 igitur,

299 3223 390 3293 legata
411 3221 446 3274 ad
467 3240 510 3275 me
533 3223 647 3273 amitina
674 3232 721 3275 tua
756 3223 906 3293 eademque
922 3234 1036 3295 cognata
1060 3242 1133 3286 mea,
1166 3228 1288 3297 petivisti
1317 3244 1390 3299 quae

299 3296 383 3350 nosti.
419 3292 506 3364 Atqui
526 3308 575 3363 ego
597 3309 612 3343 a
629 3308 724 3363 magno
740 3293 903 3363 imperatore
921 3296 979 3347 Deo
997 3296 1157 3363 suppliciter
1177 3297 1328 3360 contendo,
1356 3306 1390 3349 ut

300 3365 330 3417 in
344 3365 439 3434 longos
464 3380 549 3416 annos
575 3364 658 3414 vitam
678 3362 824 3426 extendas,
852 3364 997 3431 imperium
1018 3366 1165 3417 itomanam
1183 3366 1329 3437 gubernes,
1358 3374 1388 3420 et

300 3449 350 3503 ego
360 3434 446 3487 instar
463 3434 533 3486 servi
552 3441 581 3485 et
594 3434 645 3485 filii
655 3435 785 3503 imperata
802 3442 848 3485 tua
864 3450 1011 3504 exsequar:
1027 3433 1192 3505 procedente
1211 3446 1300 3488 autern
1312 3444 1385 3488 tem-

298 3519 381 3573 pore,
404 3520 474 3575 quae
488 3505 531 3555 illi
544 3505 713 3573 placuerint,
738 3502 773 3554 de
793 3504 872 3555 nobis
891 3506 1053 3557 constituat:
1080 3513 1122 3566 et,
1147 3506 1170 3557 si
1188 3508 1262 3589 prius
1276 3508 1382 3575 obeam,

299 3581 332 3624 ut
347 3573 376 3623 in
390 3580 419 3623 te
433 3581 520 3625 toturn
533 3576 673 3628 recumbat
687 3574 845 3641 imperium3
867 3592 937 3645 quo,
963 3592 1032 3647 quae
1049 3575 1121 3627 iaetu
1137 3576 1216 3627 utilra
1232 3578 1389 3642 censueris,

300 3656 333 3693 ea
349 3651 487 3709 praestesr
515 3646 558 3697 sin
585 3654 616 3697 tu
637 3644 670 3696 ad
695 3645 847 3695 mansiones
869 3646 930 3697 illas
947 3646 1123 3715 sempiternas
1142 3645 1225 3697 fueris
1251 3656 1386 3714 evocatus,

299 3720 332 3762 nt
345 3710 413 3762 mihi
429 3711 518 3764 denuo
533 3716 701 3784 principatus
711 3716 843 3766 Romanus
855 3716 1031 3787 relinquatur.
1072 3712 1127 3765 Sed
1141 3714 1190 3767 ista
1213 3716 1334 3788 quidem,
1356 3727 1387 3771 ut

299 3782 359 3833 Deo
380 3782 514 3847 placitum
532 3783 592 3847 erit,
610 3786 649 3836 ita
665 3802 695 3837 se
716 3782 845 3835 habeant.
881 3784 960 3838 Nune
984 3784 1146 3837 necessitate
1175 3791 1385 3860 reverentiaque

301 3849 515 3913 dissidentibus,
532 3856 678 3906 necessitas
697 3856 764 3906 vicit
784 3862 812 3905 et
828 3852 956 3908 indecore
973 3854 1152 3927 imperiteque
1171 3856 1261 3910 dicere
1280 3858 1388 3912 saeere'·

300 3935 355 3989 que
379 3921 520 3991 compulit.
539 3920 608 3973 Cum
628 3940 746 3995 namque
766 3932 794 3975 et
811 3928 966 3993 nosipsos,
993 3934 1021 3977 et
1039 3926 1178 3990 civitates,
1208 3936 1236 3979 et
1273 3932 1386 3983 eeunias

299 3997 328 4041 et
352 3990 435 4042 simul
459 3990 549 4042 omnia
572 3992 602 4045 in
627 4009 723 4046 manus
742 4002 805 4045 tuas
828 3995 934 4047 tradere
951 3995 1095 4061 decuisset,
1114 3996 1222 4049 duabus
1263 4003 1386 4053 eeausis

298 4075 375 4111 secus
402 4076 481 4112 aere
499 4064 584 4113 eoacti
603 4080 703 4117 snmus.
739 4066 806 4128 Una,
826 4065 901 4135 qsrod
918 4083 1005 4118 means
1025 4066 1078 4119 tibi
1097 4068 1266 4137 gratificandi
1284 4072 1386 4123 rolun·

207 4168 211 4177 .
298 4134 392 4192 tatem,
407 4078 616 4195 observantiam,
633 4133 690 4202 pud
710 4151 766 4187 rens
787 4152 848 4205 erga
867 4146 895 4189 te
907 4137 980 4190 Deus
993 4138 1078 4200 novit,
1096 4140 1140 4191 eui
1155 4138 1261 4193 oeenlta
1279 4149 1386 4209 patent,

299 4208 327 4253 et
350 4200 408 4270 ipse
434 4203 543 4272 quoties
568 4206 672 4259 occasio
694 4202 774 4271 sulit,
800 4204 974 4263 evidentibus
999 4208 1162 4280 argumentis
1179 4208 1245 4265 haee
1263 4212 1386 4267 ostendi.
