3025 4900
329 373 532 444 numurus
560 348 1040 444 sensumsensurn.
1196 382 1237 446 u

157 547 200 610 1).
217 546 385 632 deNoyers
406 549 469 632 regi
487 544 852 610 abiutimisnonsiliiset
874 549 1016 626 soeretis,
1044 551 1238 612 euiuseuree

156 645 291 708 auus,
320 650 423 731 resia,
462 657 561 727 arte,
594 648 719 730 irene
748 645 949 728 sperum
985 649 1068 729 reia
1091 652 1237 732 sermio

154 757 244 824 sumt,
277 766 334 828 pro
357 745 501 830 singulari
523 745 709 808 humanitate
727 765 803 823 sem,
829 765 947 826 proque
961 747 1066 808 innato
1085 767 1148 810 non
1166 747 1236 812 vul·

155 848 219 930 geri
239 845 442 928 ergalitteres
458 843 587 924 affecm,
616 865 745 928 quanm
762 847 1009 926 prupegationem
1025 845 1065 907 ed
1087 869 1237 910 summum

153 943 373 1026 rempublicam
401 947 552 1028 pertinere
581 944 677 1028 probe
704 945 780 1021 snit,
815 945 916 1004 statim
945 946 1094 1027 optimum
1123 945 1237 1008 facum

154 1041 251 1104 vida-i
275 1043 335 1106 sibi
350 1044 549 1128 significavit,
577 1055 611 1106 ut
629 1039 793 1124 δίγλωττος
814 1041 955 1104 ederetur
976 1053 1082 1106 auctor
1101 1041 1171 1107 lnce
1187 1046 1236 1106 di-

154 1141 336 1223 gnissimus,
377 1163 440 1226 qno
464 1154 608 1225 utrunque
632 1144 696 1204 voti
721 1151 876 1224 compotes
897 1141 1024 1204 taem
1056 1154 1150 1227 utque
1170 1145 1236 1227 ipse

153 1239 380 1302 Cantecnmnus
397 1261 469 1304 eum
486 1243 575 1304 tineis
592 1251 622 1304 et
641 1239 745 1303 blattis
762 1261 898 1324 pugnare
919 1241 1086 1320 desmuet,
1114 1245 1167 1326 qui
1188 1253 1237 1306 tot

152 1359 267 1422 rum
288 1349 472 1423 rusum,
493 1352 598 1424 totque
615 1341 774 1404 somnum
794 1351 930 1423 mse,
948 1343 1124 1423 Primum
1146 1363 1164 1405 e
1186 1346 1235 1404 vi·

153 1457 259 1501 rorum
280 1459 413 1502 numero
432 1441 626 1520 eximeretur,
648 1439 808 1502 edidissetr
829 1461 891 1522 quo
911 1439 991 1502 fanto
1007 1444 1126 1524 egregio
1144 1463 1236 1504 nemo

151 1557 220 1600 seue
236 1541 359 1622 sepiens
377 1537 434 1600 ibit
448 1539 580 1620 inficias,
607 1537 843 1602 illustrissimum
863 1541 964 1600 virum
991 1541 1105 1622 optime
1119 1540 1159 1602 de
1182 1539 1234 1602 lit·

152 1639 223 1699 teris
244 1659 313 1700 esse
332 1639 551 1722 promeritum,
587 1659 683 1720 euque
699 1640 823 1700 nomine
841 1639 946 1700 unium
965 1641 994 1702 ei
1011 1641 1123 1721 gratias
1142 1657 1234 1721 egeri-

153 1733 214 1799 dar.
252 1737 438 1817 Quinimn,
460 1737 486 1798 si
504 1734 579 1820 qnid
596 1757 701 1798 manes
720 1739 872 1814 sentiunt,
893 1735 927 1798 id
944 1738 1004 1818 ipsi
1026 1737 1235 1802 conuenere

152 1836 470 1918 meptiseimumsnre
488 1834 702 1914 eredibileest,
721 1833 1234 1918 quodLntinaelinguneetGrae-

151 1955 202 1996 nee
222 1934 361 2016 quodum
386 1935 537 1996 consortio
556 1934 643 2015 quasi
670 1933 895 2015 quodammodo
918 1936 998 1996 inter
1022 1945 1156 1998 veterem
1176 1956 1235 1996 nn-

151 2052 286 2118 ransque
312 2035 441 2096 Rumam
464 2033 543 2098 bene
569 2035 731 2096 convenire
762 2032 923 2113 videnum,
961 2033 1045 2116 quod
1070 2032 1124 2102 ille
1145 2037 1235 2096 vivus

150 2136 354 2215 percupierut.
385 2132 452 2194 lloe
472 2133 566 2214 igitur
585 2130 697 2212 lium,
716 2131 847 2209 Lector,
868 2141 899 2192 et
913 2131 1092 2193 beneficium
1107 2151 1236 2214 agnusue

151 2234 227 2312 viri,
263 2252 326 2314 quo
342 2251 432 2292 nemo
452 2230 493 2292 ad
511 2229 607 2292 bones
630 2240 709 2290 artes
728 2229 973 2312 promovendas,
1003 2239 1034 2290 et
1052 2231 1176 2294 eximius
1192 2231 1234 2292 eh

150 2343 213 2394 erte
235 2333 323 2393 viros
340 2329 489 2394 iuvandos
511 2331 689 2412 propensior
708 2331 827 2408 existit,
855 2331 881 2390 si
905 2350 968 2390 nun
982 2330 1118 2411 ingresus
1142 2340 1234 2412 atque

150 2429 189 2497 ab
207 2433 296 2495 omni
312 2429 498 2495 humanitate
518 2427 633 2493 alienus
651 2447 695 2491 es.
736 2427 829 2507 Quod
843 2428 869 2489 ei
885 2439 916 2491 te
933 2428 986 2518 iric
999 2449 1129 2511 aequum
1143 2449 1233 2511 prae-

150 2528 276 2609 bueris,
315 2532 415 2612 primo
444 2548 566 2611 quoque
590 2539 726 2610 tempore
749 2548 854 2589 omnes
885 2526 1028 2591 historiae
1050 2530 1234 2610 Byzantinus

150 2631 313 2712 scriptores
325 2638 391 2691 tarn
409 2628 526 2707 editos,
556 2648 649 2710 quam
665 2648 760 2691 manu
774 2636 910 2689 exuratur
925 2628 1007 2709 typis
1027 2629 1118 2708 regiis
1140 2626 1233 2687 eden·
1254 2628 1257 2635 ⁴

151 2728 205 2789 dos
237 2727 372 2791 eiusdem
396 2726 589 2791 illustrissimi
615 2728 675 2789 viri
700 2726 794 2788 ductu
823 2735 853 2789 et
876 2726 967 2808 Regis
987 2725 1234 2787 christianissimi

152 2829 291 2909 auspiciis
304 2825 452 2909 prolaturi
468 2847 589 2888 sumus:
612 2824 651 2886 de
671 2828 757 2887 cuius
774 2826 820 2887 rei
836 2823 965 2887 utilitate
977 2822 1115 2907 plerique
1128 2844 1233 2886 omnes

151 2927 352 2987 romunt.
392 2924 457 2987 Vos
475 2927 528 3008 qui
546 2924 661 2987 litteras
683 2927 811 3005 amatis,
841 2923 959 3003 favete,
987 2934 1019 2985 et
1038 2922 1164 2985 consilio
1182 2925 1232 2983 iu-

150 3034 229 3086 vate.
271 3024 390 3102 Fama,
410 3026 529 3105 runis,
556 3030 586 3081 et
608 3024 682 3082 recti
702 3042 790 3083 emor
814 3042 884 3083 eum
905 3022 1083 3099 deser-uere,
1103 3021 1157 3100 qui
1179 3017 1232 3081 lit·

148 3133 226 3183 tuus
240 3143 306 3186 nna
322 3133 425 3201 emat,
454 3133 506 3183 aut
520 3140 570 3183 ees
585 3118 714 3181 inurltas
738 3118 866 3179 deserit:
895 3130 926 3179 et
939 3120 1060 3199 penitus
1074 3115 1231 3198 inglorius,

148 3218 196 3281 rel
211 3218 326 3283 iudicio
345 3241 401 3281 sero
416 3240 473 3283 nec
491 3220 657 3300 memoria,
684 3236 784 3299 neque
802 3215 911 3278 litteris
926 3215 1053 3298 dignum
1065 3214 1232 3298 quidquam

148 3322 258 3400 gessit,
287 3319 341 3383 sed
358 3319 442 3403 quod
456 3330 578 3381 aeterno
593 3317 712 3383 silentio
730 3318 827 3400 magis
841 3316 1031 3379 obruendum
1050 3317 1108 3399 sit,
1137 3335 1231 3398 quam

147 3416 317 3485 litterarum
339 3421 541 3515 monumeutis
563 3415 781 3483 mandandum.
822 3412 911 3477 Vale.
