3025 4900
464 367 768 436 fflsuonrxnou
797 374 824 435 1.
855 366 904 434 16.
1039 445 1049 465 ¹
1164 375 1220 460 79

1172 481 1180 537 t

126 559 177 620 ρον
193 532 276 599 πολι)
292 533 497 616 συλλαβόντα
515 533 572 600 καί
587 532 838 599 κατακλείσαντα
856 535 985 623 φρουρᾷ
998 535 1054 618 τής
1070 529 1133 626 eins*
1152 531 1298 603 redeo.
1307 546 1375 603 1³21

123 659 183 701 των
203 633 421 719 ἀπηλλάχθαι
446 637 621 722 φροντίδος·
664 637 699 701 τί
722 633 784 721 γὰρ
813 633 903 700 ἔσται
931 633 966 700 rb
993 637 1136 700 κωλῦσον
1164 637 1220 699 τοῦ

123 739 221 801 ταῦτα
249 735 522 819 καταπρδξαοδαι
551 738 606 800 τὸν
632 735 787 818 βασιλέα;
819 737 875 801 καί
901 737 958 801 νῶν
986 735 1099 816 ἔχοντα
1128 737 1219 821 λόγον

124 836 201 922 ἐρεῖ,
218 835 256 902 τὸ
278 839 424 900 κωλῦσον
444 837 503 919 μὲν
529 833 585 900 οὖν
604 836 706 901 οὐδέν
728 836 860 902 συνετὸν
879 837 913 902 δὲ
935 831 1009 903 ὅντα
1024 837 1080 902 καὶ
1095 837 1220 901 πολλῶν
1232 838 1260 896 Ρ.
1270 843 1306 898 tn
1341 909 1344 916 Δ

77 981 85 988 -
107 936 325 1022 superpositos
346 935 498 1020 ἔμπειρον
519 936 574 1001 τὸν
595 936 732 1018 βασιλέα
751 935 843 1000 τοῦτο
865 935 996 1021 λέληθεν
1008 935 1156 1018 οὐδαμῶς
1177 931 1220 1010 ῶς

123 1035 318 1117 ἀλυσιτελές,
338 1036 415 1122 πρὶν
437 1035 582 1119 ἀκριβῶς
601 1039 754 1120 έκμαθεῖν
775 1035 889 1103 δπδσοι
903 1039 983 1114 τινές
1005 1037 1061 1102 καί
1083 1028 1147 1101 οἷοι
1164 1033 1220 1119 τήν

122 1136 204 1220 πρὸς
226 1137 287 1218 έμέ
308 1119 493 1221 προείλοντο
508 1137 685 1224 κοινωνίαν,
708 1136 808 1220 δμδσε
824 1136 904 1222 πρδς
917 1135 953 1204 εδ
970 1143 1127 1220 πολεμεῖν.
1149 1137 1219 1211 δέος

120 1237 182 1322 γὰρ
201 1221 248 1320 μή
269 1238 395 1301 πολλῶν
414 1260 509 1301 τινων
529 1237 584 1302 καί
605 1239 833 1303 δυνατωτάτων
853 1233 952 1303 ὄντων
972 1239 1038 1302 ἕνα
1050 1238 1109 1319 μὲν
1131 1232 1220 1320 ἢκοιέ

123 1334 180 1398 do'o
200 1334 376 1423 καθείρξῃ,
402 1339 465 1399 τῶν
484 1336 520 1401 δὲ
539 1340 658 1402 λοιπῶν
679 1333 741 1421 ἤδη
765 1335 846 1422 πρὸς
870 1337 1008 1422 α’νιίμκην
1031 1336 1219 1438 συνισταμέ·

91 1451 195 1522 toros,
221 1434 260 1503 οδ
281 1435 362 1501 κατὰ
383 1438 457 1500 νοῶν
476 1438 612 1524 χωρήσῃ
626 1437 666 1503 τὰ
680 1437 852 1522 πράγματα
865 1434 961 1523 αὐτῷ.
982 1435 1066 1513 είκδς
1078 1434 1220 1502 δὲαῦτδν

121 1535 178 1602 κατ’
197 1537 334 1613 πολλούς
354 1559 443 1612 τινας
464 1537 520 1602 καί
541 1537 693 1614 δυνατοὺς
713 1537 787 1615 τούς
808 1537 848 1604 τὰ
867 1536 1007 1622 ἡμέτερα
1019 1529 1220 1602 εἶναιοῖεσδι

122 1636 377 1723 προῃρημένους
419 1634 454 1703 τδ
475 1637 539 1725 γὰρ
559 1640 593 1704 ἐν
611 1642 653 1725 τῇ
674 1641 746 1726 δίκῃ
773 1641 836 1724 πρὸ
860 1643 915 1724 τῆς
936 1641 1017 1720 χθὲς
1037 1639 1094 1723 έμὲ
1122 1637 1219 1721 μόνον

122 1737 402 1822 ἐνακειλημμένον,
424 1737 470 1822 μή
491 1740 681 1805 καταπεσεῖν
694 1741 781 1847 μηδὲ
806 1742 908 1829 δειλίᾳ
930 1741 1135 1825 σουχεθήναί
1145 1763 1217 1824 τινι,

125 1835 193 1902 dtt’
216 1838 362 1926 α’τρέπτῳ
383 1843 438 1907 καί
459 1842 638 1928 φρονήματι
659 1843 714 1907 καί
735 1838 811 1927 ἤθει
828 1841 910 1926 μετὰ
931 1841 1109 1928 ἀσφαλείας
1131 1840 1216 1906 οἷντι-

91 1938 225 2022 λδλέμειν
245 1943 376 2024 πολλῆς,
395 1939 430 2006 εδ
451 1942 507 2006 καί
525 1938 579 2005 τὸν
595 1941 837 2026 Μελιτηνιῶτην
859 1940 980 2021 ἔξωθεν
989 1935 1119 2008 ἑστάναι
1129 1940 1246 2018 τινάςΒ

119 2041 183 2104 τῶν
204 2041 349 2105 δυνατῶν
368 2039 561 2126 ἀπαγγεῖλαι
580 2039 661 2126 δπὲρ
678 2044 758 2124 ἐμοῦ
772 2044 874 2107 πάντα
889 2041 1038 2128 πράττειν
1049 2041 1218 2127 προσμενό-

119 2161 214 2220 steros
226 2143 524 2225 προθυμουμένους,
542 2143 597 2206 οὐκ
607 2144 662 2208 ἐπὶ
670 2143 786 2224 μικρὸν
795 2141 1039 2218 κατέσεισετούς
1049 2139 1217 2226 λομισμοές

49 2241 55 2248 ’
119 2237 193 2316 τοδς
211 2243 406 2322 βασιλικούς.
449 2241 500 2308 διδ
519 2242 589 2307 τότε
609 2244 669 2326 μὲν
688 2240 784 2320 εὐθὺς
806 2241 884 2326 ὅπερ
910 2241 1088 2328 ἀσφάλειαν
1111 2241 1217 2308 ἐδόκει
1247 2296 1252 2314 ,
1342 2245 1360 2272 ⁸

120 2341 277 2424 παρέχειν
299 2340 444 2428 ἔπραττε,
463 2349 526 2408 τῶν
536 2344 663 2424 θρόνων
680 2342 863 2420 ἐξαναστάς.
888 2341 959 2406 νυνί
970 2342 1005 2406 δὲ
1015 2343 1119 2420 καλῶς
1131 2339 1217 2422 ἔχειν

91 2437 229 2519 Άέδοξεν
253 2440 341 2529 αὐτῷ
358 2442 431 2521 τοὺς
451 2443 649 2527 καταδήλους
666 2445 853 2528 γενομένους
875 2439 959 2527 ὑμᾶς
980 2444 1015 2509 έν
1034 2441 1217 2528 εὐεργεσίας

121 2539 331 2623 προσχήματι
342 2542 533 2626 ἀποστῆσαι,
553 2544 609 2607 καί
617 2542 699 2625 μετὰ
708 2546 798 2607 τοῦτο
813 2544 917 2627 πάλιν,
936 2543 1039 2609 αὐτῶν
1051 2543 1215 2608 διδασκδν-

121 2660 183 2703 των
191 2642 256 2705 τῶν
266 2641 471 2729 πραγμάτων,
483 2635 531 2718 οἷς
543 2642 686 2727 οἰήσεται
697 2645 911 2728 λυσιτελήσειν
921 2644 1129 2729 ἐπιχειρήσει.
1145 2644 1214 2707 τοδ-

119 2762 182 2803 των
201 2741 295 2805 ἓνεκα
315 2741 441 2807 πάντων
462 2741 562 2808 σι’·κέτι
584 2746 766 2829 διαμέλλειν
788 2744 897 2827 οἴομαι
922 2745 1004 2821 δεῖν,
1036 2741 1114 2809 οὐδὲ
1134 2741 1214 2827 πρὸς

188 2853 215 2908 7.
234 2854 299 2909 Post
315 2857 449 2928 πολεμεῖν
465 2860 565 2912 excidit
580 2859 652 2913 ὶέναι
671 2860 716 2913 vel
735 2860 825 2913 simile
845 2860 919 2930 quiri.

120 2948 166 3001 dio
184 2952 288 3005 nudare
314 2954 420 3019 roiens,
449 2957 607 3022 provincias
634 2958 663 3008 in
690 2958 875 3008 remotissimis
900 2957 1011 3009 Romani
1032 2958 1139 3023 imperii
1160 2957 1215 3007 oris
1296 2940 1302 2957 ’

119 3020 176 3072 iilis
206 3024 346 3088 describit,
374 3029 526 3095 expeditius
555 3034 612 3079 erat
639 3029 698 3078 sine
727 3028 810 3078 dubio
840 3026 979 3096 multoque
1009 3028 1112 3091 utilius,
1138 3030 1160 3078 si
1180 3027 1214 3077 iis

119 3093 295 3161 apprehensis
319 3104 347 3149 et
375 3098 496 3150 custodie
521 3099 628 3161 clausis,
657 3099 729 3151 curis
757 3112 787 3148 se
812 3098 887 3151 hisce
907 3100 1040 3150 exuisset:
1060 3098 1124 3166 quid
1144 3100 1215 3151 enirn

120 3173 168 3230 est,
185 3168 260 3234 qnod
280 3169 349 3219 istuc
375 3169 465 3222 iacere
493 3170 635 3237 probibeat
661 3168 876 3236 imperatorem?
914 3170 1006 3235 Recte,
1036 3170 1109 3238 quod
1136 3168 1215 3221 ilium

119 3237 271 3303 probibeat,
299 3238 369 3291 nibil
392 3249 446 3293 est:
473 3243 521 3294 sed
546 3242 674 3293 csiiidum
703 3256 807 3308 usuque
834 3257 921 3293 rerum
943 3243 1049 3295 doctum
1067 3242 1215 3308 imperoto-

120 3322 173 3359 rem
196 3325 367 3378 nequaquam
394 3312 474 3376 fallit,
503 3314 573 3365 bend
600 3313 762 3378 conducere,
790 3315 943 3382 priusquam
973 3315 1105 3381 exquisite
1132 3314 1214 3379 norit,

121 3384 185 3445 quot
203 3386 232 3432 et
249 3381 344 3450 quales
362 3385 423 3448 sint,
452 3386 499 3451 qui
518 3400 621 3435 mecum
648 3388 803 3437 societatem
829 3386 960 3448 coierint,
986 3385 1018 3436 ed
1043 3385 1214 3451 pugnandum

120 3452 240 3503 consinus
267 3456 390 3521 aggredi.
439 3454 593 3507 Timendum
613 3457 695 3520 euim,
714 3458 788 3508 nesi
809 3455 884 3508 multi
903 3458 957 3507 sint
976 3472 1007 3508 ac
1026 3456 1214 3523 potentissimi,
1277 3514 1280 3521 ¹

120 3535 197 3574 unum
226 3526 336 3591 quidem
363 3526 512 3579 alterumve
537 3529 567 3578 iu
598 3527 707 3579 rincuie
741 3529 847 3580 tradere
875 3535 969 3598 queat3
1000 3530 1097 3580 ceteris
1128 3534 1213 3580 sutem

120 3594 168 3645 ianr
189 3599 345 3651 octenario
367 3596 579 3661 coniurantibus,
598 3601 715 3668 cogitate
734 3600 865 3666 perticere
882 3615 938 3651 nou
957 3602 1049 3666 possit.
1071 3598 1213 3651 Probabile

119 3679 198 3730 porro
222 3675 272 3732 cst,
298 3684 358 3720 ento
384 3672 535 3738 existimare
563 3670 659 3721 multos
685 3678 712 3723 et
736 3671 879 3737 opulentos
905 3678 1052 3724 nostrerum
1073 3687 1132 3723 essa
1150 3686 1214 3739 pnr-

118 3736 189 3789 tinm.
228 3738 292 3791 iiam
308 3741 380 3808 quod
399 3740 427 3793 in
446 3739 550 3793 indicio
569 3743 761 3794 nudiustertius
787 3758 839 3810 ego
862 3741 936 3795 seius
963 3744 1136 3810 interceptus,
1159 3757 1214 3794 non

121 3808 237 3873 concidi,
255 3827 346 3879 neque
363 3812 504 3864 timiditute
525 3811 616 3879 ulique
641 3830 795 3878 concussus,
821 3814 905 3868 multe
934 3830 992 3865 cum
1020 3814 1118 3866 fiducie
1146 3829 1215 3866 con-

121 3881 251 3949 stantique
280 3884 369 3934 animo
402 3884 569 3947 contradixi3
597 3886 725 3954 quodque
751 3887 875 3949 accessit,
902 3892 931 3937 ut
954 3884 1137 3937 bleliteneusis
1162 3900 1215 3937 ve-

119 3950 193 4002 niens
210 3956 357 4019 nuntiaret,
377 3955 443 4007 ioris
462 3962 532 4006 stare
552 3957 683 4021 quosdam
708 3963 838 4021 potentes,
866 3972 924 4008 rnen
949 3972 1026 4009 causa
1054 3964 1160 4024 parntes
1179 3957 1213 4009 od

121 4022 216 4089 onnia,
238 4038 294 4077 noo
320 4040 413 4092 perum
438 4028 496 4078 eius
521 4028 636 4078 consilia
661 4026 793 4079 turbavit:
821 4030 891 4081 unde
914 4030 1000 4080 stetim
1026 4028 1125 4080 throno
1152 4029 1214 4080 eri-

119 4089 197 4159 tiens,
215 4097 352 4149 securitati
381 4113 447 4150 suae
475 4098 619 4150 consuluit.
656 4096 732 4149 Nunc
761 4098 812 4151 sibi
838 4100 993 4151 conducere
1022 4101 1140 4163 censuit„
1164 4114 1212 4151 vos

120 4162 231 4229 delatos,
250 4181 299 4233 per
317 4172 435 4235 speciem
465 4168 673 4223 beneficientiae
691 4187 707 4221 a
724 4186 767 4222 me
794 4172 949 4224 distrahere.
997 4169 1093 4223 Postea
1118 4173 1214 4221 iterum

121 4234 195 4287 rebus
218 4239 292 4305 ipsis
319 4240 488 4304 docentibus,
513 4242 611 4309 quibus
636 4258 666 4302 se
692 4256 791 4308 operae
814 4245 929 4310 pretium
952 4243 1081 4295 iacturum
1101 4240 1214 4308 putabit,

119 4320 166 4357 los
182 4312 366 4379 aggredietur.
404 4311 450 4365 iiis
464 4312 587 4365 omuibus
607 4314 641 4365 de
660 4315 745 4366 causis
764 4329 819 4365 non
839 4314 953 4382 emplius
972 4311 1213 4381 tergiversandum,

123 4386 180 4445 noe,
195 4384 272 4450 qussi
299 4398 364 4451 prae
385 4384 514 4437 maiorum
538 4385 722 4454 magnitudine
747 4386 782 4439 de
807 4392 940 4452 potestate
965 4388 1120 4450 exissemus,
1138 4382 1213 4443 selo·-
