3025 4900
294 327 344 414 ι8
682 347 995 455 cnnnsoozpm

127 508 200 584 Arc.
210 525 279 580 1320
289 513 443 598 πρότερον
461 511 559 578 τίπον
580 508 737 574 ἐκθέσθαι
764 509 820 573 τοῦ
840 504 949 592 ὅρκου·
991 507 1083 572 rorico
1111 505 1151 590 δὴ
1178 512 1255 592 παρ’
1284 503 1388 576 αὐτῶν

286 614 448 700 γνωρίσας
475 609 493 678 δ
521 610 650 687 πάππος
677 609 733 674 καί
760 608 929 691 βασιλεὺς,
954 603 1083 692 βαρέως
1106 606 1167 689 μὲν
1196 601 1304 691 ἤνεγκε
1319 603 1388 689 ,τὴν

284 717 341 780 τοῦ
354 710 483 798 ,ἀνδρὸς
504 708 701 796 παρρησίαν,
720 710 778 776 τοῦ
799 708 835 774 δὲ
853 707 899 791 μή
920 731 991 772 τινα
1010 705 1157 792 ταραχὴν
1177 706 1311 790 ποιῆσαι
1328 701 1387 788 τὴν

286 812 368 900 πρὸς
391 812 508 880 tractos
530 809 687 888 ἔνστασιν,
710 807 915 892 συνεχώρησε
936 807 993 874 καί
1014 807 1120 884 αὐτός.
1139 804 1174 872 Ὁ
1189 807 1297 888 μέντοι
1316 804 1387 880 νέος

284 913 490 998 Ἀνδρόνικος
511 914 611 977 ταῦτα
631 903 766 994 pando,
792 905 913 992 ἐπλήγη
932 907 992 991 μὲν
1013 909 1167 996 σφοδρῶς
1187 902 1243 991 τὴν
1262 904 1406 992 dogm

285 1013 341 1098 την
364 1012 472 1098 ἀρχὴν
492 1015 556 1079 τῶν
577 1008 729 1078 τοιοδτων
751 1006 949 1094 πραγμάτων
975 1006 1021 1084 είς
1043 1007 1140 1072 αὐτοῦ
1161 1008 1388 1097 καταστροφὴν

286 1111 536 1196 ἀποβλέπουσαν
558 1113 683 1189 ἐννοῶν,
705 1107 805 1197 ἔφερε
826 1111 863 1176 δὲ
881 1106 918 1174 sd
944 1103 1039 1195 ἄλγος
1058 1111 1143 1195 σιγῇ,
1168 1107 1275 1192 θυμὸν
1294 1107 1388 1188 ἔδων,

285 1217 363 1277 καθ’
379 1211 531 1300 Ὅμηρον,
552 1212 608 1280 καί
631 1210 706 1288 οὐδὲ
727 1211 809 1298 λόγῳ
832 1211 909 1295 γοῦν
921 1210 1044 1274 ἐθέλων
1057 1211 1162 1274 δοκεῖν
1175 1206 1388 1276 ἀπαυθαδιά-

196 1323 224 1376 Ρ.
242 1323 276 1379 14
287 1316 352 1394 ζειν
375 1314 455 1401 πρὸς
475 1311 530 1380 τὸν
551 1313 681 1377 πάππον
696 1311 752 1378 καί
763 1313 911 1394 βασιλέα.
932 1314 1052 1386 ἐκεῖνος
1072 1310 1132 1394 μὲν
1153 1301 1209 1374 οὖν
1230 1307 1311 1378 οὕτω
1325 1333 1388 1374 κα·

284 1417 385 1496 θῆυτο
405 1416 491 1501 σιγῇ·
520 1406 566 1490 εἷς
589 1411 625 1478 δέ
644 1436 692 1489 τις
710 1415 774 1478 τῶν
792 1413 842 1478 ἐπ’
865 1411 1007 1501 εδγενείη
1026 1410 1310 1496 λαμπρυνομένων,
1331 1411 1426 1480 καιῚο

235 1585 239 1597 ,
284 1512 341 1592 τὰς
358 1514 470 1600 σειρὰς
484 1506 638 1580 ἑλκόντων
656 1516 714 1578 τοῦ
727 1511 840 1600 γένους
854 1512 1017 1597 μητρόθεν
1032 1511 1093 1594 μὲν
1113 1511 1146 1588 ἐξ
1161 1505 1307 1592 αἱμάτων
1323 1513 1387 1592 βα-
1481 1538 1484 1545 ·

232 1652 240 1696 η
284 1615 426 1692 σιλικῶν,
448 1612 570 1698 πατρὸς
593 1615 629 1680 δὲ
649 1610 694 1680 ῶν
715 1621 794 1690 παῖς
812 1617 869 1679 τοῦ
889 1615 981 1698 παρὰ
1000 1609 1244 1693 τοῐςΚσμιίνοις
1265 1607 1387 1695 edyssa·
1455 1629 1463 1645 ·

285 1713 412 1792 στάτου,
434 1714 467 1780 οἳ
487 1714 741 1800 προσεχώρησαν
761 1713 913 1799 Βατάτζη
934 1714 982 1799 κρῖ
1001 1715 1135 1794 βασιλεῖ
1149 1712 1204 1794 τῆς
1217 1707 1387 1795 Ῥωμαιων

284 1814 454 1894 βασιλείας
468 1814 698 1902 ἑπειλημμίνφ,
711 1813 869 1902 Συτζιγοὶν
888 1813 1098 1897 βαρβαρικῶς
1119 1809 1331 1894 καλουμένου,
1352 1812 1387 1876 ἐκ

285 1912 320 1976 δὲ
341 1915 399 1976 τοῦ
424 1913 486 1980 ἀπὸ
509 1916 566 1981 τοῦ
589 1913 681 2001 ἁγίου
703 1919 909 2004 φωτίσματος
928 1911 1025 1978 crisos
1045 1911 1282 1993 ἀναδεξαμένου
1296 1913 1425 1996 Sep-lb

282 2011 395 2098 γιδννη
417 2013 651 2100 ἐπικληθέντος·
693 2017 805 2099 τοίαογ
829 2014 870 2098 δὴ
893 2017 950 2079 τοῦ
969 2010 1148 2099 Συργιάννη
1168 2017 1244 2090 παῖς
1264 2013 1389 2099 Συργι-

288 2110 383 2198 ἀννης
404 2113 515 2192 νυκτὸς
536 2117 584 2202 τῷ
602 2117 662 2204 νέῳ
683 2117 818 2199 βασιλεῖ
834 2111 1032 2201 προσελθῶν,
1065 2112 1212 2201 ,πάντως
1232 2109 1392 2198 ἥκοαστσί

284 2234 346 2290 σοι,
365 2217 521 2296 βασιλεῦ’
538 2216 602 2304 ἔφη
625 2213 685 2302 ,τὰ
704 2215 966 2300 καινουργὴματα
982 2215 1074 2280 ταυτὶ
1092 2213 1133 2278 τὰ
1151 2214 1217 2292 νέα,
1239 2215 1296 2282 καί
1314 2239 1388 2282 oro·

254 2314 449 2396 Βχιίζεσθαι
470 2316 504 2384 sd
528 2317 618 2394 τέλος
637 2317 699 2382 τῶν
723 2317 922 2405 πραγμάτων
940 2316 975 2380 ἐκ
994 2316 1051 2400 τῆς
1069 2313 1172 2400 ἀρχῆς
1185 2310 1252 2381 ὄντι
1266 2319 1391 2403 συνετῷ

285 2439 336 2483 σοι
359 2419 525 2503 προσήκει.
548 2417 586 2483 οὗ
605 2417 667 2504 γάρ
691 2419 777 2484 ἐστιν
794 2417 905 2502 εἰπεῖν,
925 2413 968 2500 ῶς
981 2413 1000 2482 ὅ
1013 2413 1071 2495 σὸς
1082 2415 1212 2495 πάππος
1223 2416 1279 2483 καί
1289 2419 1427 2501 βασι-θλ)

163 2513 168 2520 “
284 2513 356 2592 λτύς
372 2516 406 2594 ἐξ
423 2518 533 2595 ἀνοίας
550 2514 571 2603 ἢ
590 2518 739 2606 ἀπειρίας
753 2522 888 2585 τοιαῦτα
906 2518 1057 2603 προήχθη
1072 2518 1161 2606 δρᾷν.
1184 2514 1390 2602 δπαρελθῶν

282 2616 346 2704 γὰρ
359 2618 477 2699 χρόνος
493 2618 555 2691 καί·
564 2620 733 2703 ἐμπειρίαν
750 2617 870 2703 πολλὴν
882 2618 939 2683 καί
951 2616 1139 2704 φρονήσεως
1153 2614 1241 2705 crispi
1250 2618 1390 2702 μέγεθος

356 2724 383 2779 2.
401 2718 417 2776 δ
435 2715 553 2785 πάππος
572 2725 676 2779 addidit
691 2724 724 2779 N.
824 2721 850 2776 8.
868 2722 946 2781 llisd.
964 2715 995 2786 ζ’.
1013 2724 1076 2777 El).
1095 2722 1127 2777 l'.

284 2860 339 2899 nou
358 2844 461 2902 iniuria
478 2845 565 2897 virum
585 2847 674 2897 acrius
693 2844 781 2898 obniti
800 2860 833 2898 ae
851 2860 1004 2915 repugnare
1022 2816 1173 2909 cernentes,
1193 2850 1267 2897 etse
1285 2858 1319 2897 en
1336 2836 1389 2897 an·

285 2919 361 2986 tique
380 2914 494 2967 lormula
514 2924 680 2970 sacramento
707 2918 922 2987 constringeret,
942 2916 1067 2971 volentes
1088 2916 1267 2985 nolentesque
1285 2918 1390 2983 permi-

286 2994 388 3043 serunt.
425 2987 454 3039 ld
480 2988 559 3041 simul
587 3006 620 3043 ex
645 2990 680 3040 iis
705 2990 799 3042 senior
825 2988 946 3055 res'civit,
975 2988 1093 3041 hominis
1118 2988 1306 3043 confidentiam
1330 2989 1390 3041 ini-

286 3077 340 3129 que
359 3072 461 3127 passus,
482 3076 516 3112 no
536 3067 624 3113 tamen
653 3062 676 3113 si
706 3060 784 3113 illum
809 3068 945 3129 premeret
960 3068 1125 3129 urgeretque
1144 3061 1276 3127 severius,
1292 3059 1390 3113 turba-

284 3148 344 3185 rum
370 3130 476 3201 aliquid
505 3132 674 3197 alliceretur,
702 3134 903 3185 connivendum
925 3134 1028 3201 etipse
1048 3133 1162 3184 censuit
1200 3130 1292 3199 llepos
1311 3147 1390 3184 conr-

285 3211 361 3271 perto
383 3204 447 3272 quid
475 3212 611 3270 ageretur,
641 3204 720 3257 illico
738 3205 857 3255 animum
884 3205 1005 3273 graviter
1034 3203 1201 3268 vulneratus,
1228 3208 1390 3271 prooemia-

287 3292 340 3344 que
362 3274 552 3327 huiuscemodi
579 3274 610 3327 nd
637 3276 809 3327 eversionem
832 3282 912 3344 atque
936 3276 1073 3328 interitum
1097 3291 1172 3327 snum
1193 3282 1313 3342 spectare
1336 3290 1391 3328 au-

286 3354 412 3417 guratus,
438 3344 561 3398 dolorem
588 3345 699 3399 silentio
725 3346 890 3412 dissimulat,
917 3362 966 3399 cor
990 3362 1066 3400 suum
1091 3348 1251 3412 comedens,
1276 3354 1306 3399 ut
1330 3346 1391 3400 llo-

286 3434 376 3471 merus
400 3420 453 3483 ait,
479 3432 510 3469 ac
536 3434 570 3471 ne
595 3417 687 3473 verbis
707 3417 817 3487 quidem
836 3426 914 3470 tenus
933 3421 962 3471 in
981 3434 1060 3470 avum
1079 3426 1221 3471 contumax
1241 3434 1273 3471 ae
1291 3434 1393 3487 super·

285 3490 336 3543 hus
355 3490 442 3542 videri
464 3489 582 3543 studens.
620 3491 709 3558 Atque
730 3488 781 3541 ille
799 3490 909 3559 quidem
929 3491 970 3543 sic
988 3492 1084 3543 tacitus
1104 3489 1225 3556 redebet,
1245 3506 1305 3557 cum
1325 3493 1392 3560 qni-

286 3562 348 3617 dam
367 3559 516 3629 perillustri
542 3563 669 3630 prosapie
699 3561 848 3626 oriundus,
874 3564 919 3615 cui
942 3570 1089 3615 maternum
1116 3578 1203 3629 gertus
1224 3578 1239 3615 e
1257 3565 1393 3633 sauguine

287 3632 472 3700 imperatorio,
492 3640 567 3698 pater
578 3642 665 3687 autem
686 3634 755 3701 apud
777 3630 920 3699 Consanos,
937 3636 983 3703 qui
996 3633 1092 3687 losnni
1103 3632 1228 3687 Batatsas
1246 3636 1391 3702 imperium

287 3706 437 3772 capessenti
457 3719 486 3755 se
505 3704 673 3771 dediderant,
694 3702 889 3771 nobilissimus,
903 3704 1017 3759 barbare
1037 3706 1174 3777 Sptsigan,
1195 3707 1304 3759 nomine
1323 3722 1391 3761 vero

286 3780 356 3841 eius,
386 3777 432 3845 qui
461 3776 549 3841 ipsum
571 3792 586 3828 e
610 3793 688 3831 sacro
719 3776 795 3830 lontc
819 3785 984 3845 susceperat,
1011 3776 1176 3846 Syrgiaones
1204 3785 1391 3844 nuncupatum

287 3850 369 3901 huius
397 3848 489 3915 itaque
516 3846 675 3928 Syrgiannis
699 3848 772 3901 lilius
794 3853 864 3916 patri
889 3849 1072 3919 cognominis,
1096 3857 1180 3903 noctu
1198 3850 1391 3917 imperatorem

287 3926 415 3987 nepotem
435 3933 495 3971 cum
516 3922 700 3986 convenisset,
727 3922 878 3975 istiusmodi
905 3921 997 3975 verbis
1022 3936 1083 3973 eum
1102 3921 1197 3973 aliatus
1216 3928 1271 3973 est:
1300 3918 1390 3975 Credo

288 3991 431 4061 equidem,
459 3991 621 4057 imperator,
646 4008 731 4046 novas
756 3992 838 4045 hasce
861 3992 1078 4046 machinationes
1104 3993 1154 4046 tihi
1179 3991 1260 4059 plane
1284 3994 1392 4047 auditas
1495 4011 1496 4018 ¹

288 4080 358 4125 esse,
376 4068 403 4113 te
423 4068 522 4127 antem,
547 4069 576 4115 ut
597 4065 707 4117 minime
730 4062 855 4129 stultum,
883 4080 999 4133 quonam
1022 4081 1065 4117 res
1090 4064 1136 4117 tali
1157 4080 1255 4116 exorsu
1275 4080 1392 4118 evasura

287 4136 331 4199 sit,
352 4134 509 4187 coniectura
526 4134 674 4203 providere
693 4137 780 4189 decet
817 4134 887 4189 tttud
906 4136 1030 4203 proiecto
1050 4136 1104 4189 dici
1118 4150 1174 4189 non
1192 4142 1290 4203 potest,
1309 4152 1392 4189 evum
1493 4181 1494 4208 η

288 4216 360 4259 tuum
381 4206 517 4259 dementia
536 4207 649 4275 quadam
669 4214 715 4260 aut
733 4209 869 4276 imperitis
894 4223 982 4260 rerum
1010 4208 1063 4260 linc
1083 4210 1251 4275 prorupisse,
1278 4223 1339 4259 cum
1358 4224 1391 4261 se

287 4279 523 4347 prudentissimum
550 4280 868 4349 experientissimumqns
885 4278 976 4333 uultis
1000 4278 1114 4333 antehac
1137 4280 1268 4348 exemplis
1287 4278 1392 4347 proba·
1492 4269 1493 4282 ¹

289 4352 367 4405 verit.
402 4348 467 4403 Nam
486 4352 540 4403 nisi
557 4353 633 4419 prius
653 4350 854 4409 constabilisset
871 4359 899 4407 st
916 4354 1116 4419 communisset,
1139 4368 1219 4421 guast
1244 4350 1393 4423 splendida
1491 4343 1492 4376 l
