3025 4900
481 210 818 281 merendune-1.
847 217 897 288 ro.
1157 192 1238 307 πλη

157 370 321 456 συμφέρον
346 367 402 432 κατ’
419 373 487 443 τοῖς
512 360 620 445 ἀλλοις
643 365 817 448 Ῥωμαίοις
844 365 901 432 καί
922 367 1160 451 βοολεῦσασθαε
1191 370 1390 454 seidonim

158 469 313 554 πράξαι.”
339 467 479 530 Τοιαῦτα
501 469 559 548 μὲν
580 463 730 550 βασιλεῦς
757 462 775 530 ὅ
797 468 866 543 νέος
882 464 1145 560 διεπρεσβεύσατο
1166 468 1247 556 πρὸς

159 567 293 652 βασιλέα
309 561 367 629 τάν
382 560 520 628 πάππον.
1060 638 1064 644 ,

238 660 278 727 ν’.
321 663 379 736 Εἰς
394 661 570 741 Βυζάντιον
592 664 628 728 δὲ
651 662 713 728 τάν
737 663 901 746 πρέσβεων
920 655 1135 747 ἀφικομένων,
1169 662 1282 752 πρό-Ι)
1331 743 1334 748 q

140 769 251 846 &tepor
264 757 400 826 ε’λθάνὸ
421 763 597 842 Κακαλῦς,
624 761 728 827 πάντα
749 757 830 826 κατά
847 763 943 846 μέρος
961 760 1074 849 διεξῄει
1096 762 1176 849 πρὸς
1187 769 1249 848 βα-

161 862 267 942 σιλέα,
299 852 359 924 ὅσα
377 882 411 924 τε
427 857 522 924 edroi
537 861 740 944 ἐγκαλοῦντες
758 856 874 924 εἴποιεν
890 861 934 948 τῷ
949 863 1008 949 vesp
1022 865 1162 944 βασιλεῖ,
1195 862 1252 930 κατ’

166 959 248 1032 οἵαις
270 955 364 1032 αῦτός
383 954 462 1043 πράς
482 959 600 1023 ἕκαστα
625 957 782 1045 χρήσαιτο
800 965 871 1032 ταῖς
895 956 1096 1043 ἀπολογίαις,
1108 1025 1112 1034 ,
1126 962 1182 1025 καὶ
1200 984 1253 1025 τε-
1317 1017 1325 1030 .

165 1061 311 1122 λενταῖον
325 1051 385 1122 ὅσα
400 1055 682 1142 διαπρεσβεύσαιτο
700 1054 780 1144 πράς
796 1053 904 1121 αάτόν.
924 1059 980 1122 καὶ
993 1054 1098 1137 ἔδοξεν
1115 1058 1156 1122 osi
1168 1061 1249 1126 κατά

163 1152 275 1240 καιρὸν
287 1153 343 1240 τὴν
360 1156 460 1219 ἐκεῖσε
474 1158 536 1220 τοῦν
552 1155 728 1243 ἀρχιερέων
749 1154 805 1220 καὶ
826 1157 889 1221 τῶν
910 1145 1015 1221 ἀλλων
1032 1149 1141 1243 ἀφιξιν
1161 1181 1249 1241 γεγε.

124 1258 297 1340 ισνῆσθαι,
327 1251 369 1330 ἀς
389 1254 524 1340 ἀνάγκης
554 1246 615 1339 ἥδη
640 1247 736 1340 οῦσης
756 1249 876 1340 ἢπράς
900 1251 961 1340 τὴν
984 1254 1108 1341 εἰρήνην
1124 1263 1251 1342 χωρεῖν,

162 1347 410 1440 ἢάρμημένους
431 1359 577 1435 πολεμεῖν
608 1353 773 1439 προδήλως
803 1347 864 1439 ἤδη
888 1356 985 1419 πᾶσιν
1005 1354 1124 1420 ἀδικεῖν
1139 1357 1252 1424 δοκεῖν.

163 1447 242 1533 μετά
257 1447 370 1536 μικράν
386 1453 422 1517 δὲ
439 1454 494 1515 καὶ
511 1448 541 1516 οἱ
558 1455 665 1518 λοιπον·
681 1453 828 1527 ἐλθόντες
841 1451 897 1516 καί
917 1452 1187 1538 προσκυνήσαντες
1198 1452 1253 1520 τάν

163 1551 307 1631 βασιλέα,
328 1548 421 1614 οῦδὲν
436 1549 655 1635 ἐπετράπησαν
676 1551 774 1615 εἰπεῖν
797 1552 861 1616 νῦν
884 1549 964 1615 κατά
981 1549 1039 1636 τὴν
1062 1555 1229 1638 πρεσβείαν
1242 1563 1285 1639 ,e
1293 1562 1346 1624 15³

165 1645 235 1711 ἀλλ’
255 1649 385 1713 ἕκαστον
404 1645 510 1712 οἴκαδε
531 1645 726 1724 ἀπελθόντας
747 1649 877 1734 ἠρεμεῖν
883 1698 894 1729 ,
923 1641 1017 1735 ἀχρις
1038 1642 1078 1714 ἀν
1097 1651 1253 1733 βασιλέως

128 1742 393 1830 ιόπροστάξαντος
418 1747 627 1832 ἀπαγγειλωσι
654 1743 696 1810 τά
723 1749 781 1832 τῆς
810 1749 997 1833 πρεσβειοις.
1032 1750 1124 1813 τοῦτο
1152 1751 1188 1813 δὲ
1213 1743 1255 1835 ἦν

167 1845 283 1926 σκῆψις
303 1842 479 1930 εάπρεπής.
512 1843 599 1924 ἔδοξε
618 1843 680 1932 γάρ
700 1851 831 1929 βασιλεῖ
843 1849 964 1928 μάλλον
982 1852 1156 1935 λυσιτελεῖν
1176 1871 1253 1912 σιω-
1293 1866 1295 1869 ·

166 1944 211 2026 πῇ
235 1938 272 2004 τά
294 1945 425 2027 πρᾶγμα
446 1947 626 2028 παρελθεῖν,
647 1941 800 2026 δεδοικότι
813 1941 878 2028 μὴ,
907 1943 1043 2032 δημοσίᾳ
1062 1937 1255 2027 ἀπαγγελλο-

165 2041 261 2122 μένης
281 2041 337 2123 τῆς
357 2041 534 2124 πρεσβείας,
555 2033 577 2124 ἢ
599 2041 802 2126 ἀναγκάζοιτο
821 2037 908 2127 παρά
929 2037 1054 2108 πάντων
1082 2042 1253 2127 εἰρηνεύειν

167 2141 380 2219 πεπεισμένων
400 2131 472 2223 ἤδη,
493 2137 549 2206 τάν
561 2145 629 2206 νέον
642 2142 776 2224 βασιλέα
791 2143 847 2206 καί
866 2142 974 2205 δίκαια
995 2142 1051 2205 καί
1069 2144 1252 2226 συμφέρον-

124 2261 207 2308 eoru
229 2232 348 2318 ἀξιοῦν,
369 2233 391 2320 ἢ
412 2238 443 2302 εἰ
460 2237 503 2324 μη
523 2239 673 2322 πείθοιτο,
695 2243 798 2325 δοκοίη
820 2243 967 2326 φανερῶς
987 2234 1123 2305 ἀδικεῖν.
1143 2242 1176 2318 ἓξ
1195 2241 1255 2319 μὲν

168 2325 226 2399 οῦν
254 2335 370 2420 ἡμέραι
391 2341 572 2422 παρῆλθον,
598 2341 653 2404 καί
671 2343 727 2424 τῆς
754 2339 923 2425 πρεσβείας
951 2338 1042 2422 λόγος
1068 2333 1108 2423 ἦν
1135 2337 1254 2412 οάδείς.
1276 2343 1290 2420 J

167 2432 341 2515 ἀχθόμενος
361 2433 426 2499 δὲά
444 2433 639 2525 πατριάρχης
659 2433 713 2503 ἐπὶ
724 2439 763 2524 τῇ
779 2437 838 2502 τοῦ
848 2437 967 2523 χρόνον
987 2436 1177 2522 παρατάσει,
1197 2460 1256 2517 με-

166 2528 288 2614 μήνυκε
306 2530 385 2615 πρὸς
404 2536 554 2617 βασιλέα,
588 2534 631 2611 οῦς
659 2538 713 2617 „ig
732 2534 859 2620 ἡμεροῦν
878 2538 1128 2621 παρελθουσῶν,
1158 2534 1276 2626 οάδὲνΒ

167 2624 257 2716 παρά
285 2632 349 2695 τῶν
378 2629 457 2717 πρὸς
476 2634 610 2715 βασιλέα
634 2632 690 2699 τάν
710 2630 835 2717 ἔγγονον
863 2629 918 2699 τάν
938 2630 992 2700 σὸν
1013 2633 1253 2711 ἀπεσταλμένων

171 2815 230 2851 cern
250 2815 373 2866 servsre3
392 2816 473 2871 qusm
487 2806 518 2853 tu
542 2816 652 2872 qnoque
670 2815 800 2860 servares,
819 2800 844 2850 si
855 2806 885 2851 et
903 2802 1020 2868 cogitsre
1036 2808 1065 2854 et
1083 2802 1173 2854 fucere
1189 2819 1253 2854 nos-

170 2886 212 2920 ses
237 2870 311 2939 quod
342 2870 377 2923 sd
393 2878 468 2923 tuum
484 2872 720 2940 Romanorumque
739 2868 889 2919 utilitatem
909 2870 1037 2938 pertinet.
1073 2872 1146 2923 llaec
1163 2873 1255 2923 iunior

170 2937 205 2990 sd
217 2942 352 2993 seniorem
367 2957 416 3010 per
434 2942 545 3011 legatos.

238 3008 280 3064 50.
318 3012 356 3063 lis
372 3012 528 3077 Byzantium
544 3012 665 3073 reversis,
684 3016 854 3061 antevertens
868 3007 936 3061 slios
947 3006 1068 3072 custus,
1084 3011 1175 3064 omnis
1188 3026 1254 3078 pnr-

169 3078 308 3131 ticulntim
330 3082 489 3150 imperatori
513 3081 652 3144 edisserit,
691 3095 869 3149 quaecunque
894 3079 1021 3130 nimirum
1050 3081 1145 3149 nepoti
1173 3080 1253 3133 obie-

171 3148 291 3212 cissent,
312 3158 340 3201 et
359 3152 496 3227 quomodo
519 3152 566 3203 ille
586 3150 698 3219 singulis
723 3150 896 3215 occurrisset3
927 3158 955 3201 et
975 3150 1085 3219 tandem
1113 3166 1182 3218 quae
1203 3167 1254 3203 nvo

170 3218 355 3272 renuntianda
378 3222 571 3273 commisisset:
602 3220 761 3291 visumque,
787 3219 862 3271 haud
889 3220 996 3271 utiliter
1014 3221 1155 3287 episcopos
1180 3228 1254 3273 cete·

170 3304 269 3358 rosque
280 3290 355 3340 illuc
371 3292 506 3359 proiectos
523 3292 625 3353 luisse,
642 3289 866 3361 quandoquidem
882 3305 992 3341 necesse
1011 3290 1065 3339 ium
1080 3289 1123 3350 sit,
1140 3298 1187 3341 uut
1204 3308 1252 3358 ps-

171 3374 230 3408 cem
243 3357 386 3411 admittere
401 3370 449 3413 aut
462 3361 496 3413 sd
511 3379 580 3412 erma
597 3358 765 3431 prosiliendo
783 3359 871 3429 pulum
884 3357 1073 3411 malefaciendi
1085 3360 1252 3412 voluntatem

172 3425 298 3547 prodere.
325 3430 407 3481 Paulo
419 3440 482 3497 post
501 3433 660 3483 accedentes
672 3431 773 3499 reliqui
786 3429 1030 3498 imperatoremque
1050 3428 1202 3492 adorantes,
1218 3430 1253 3482 de

185 3500 319 3565 eginone,
335 3516 416 3569 quarn
427 3500 559 3553 habereut
576 3519 591 3550 a
612 3509 727 3569 nepote,
745 3509 844 3560 tacere,
864 3500 972 3549 domum
990 3499 1107 3569 quisque
1120 3517 1193 3550 susm
1209 3518 1254 3552 re-

174 3565 233 3617 dire
251 3576 278 3619 et
292 3568 430 3639 quiescere
442 3572 507 3621 iussi
519 3580 592 3632 suut,
610 3569 697 3622 donee
706 3570 781 3622 illius
792 3569 921 3620 msudstu
936 3585 994 3620 eum
1004 3580 1178 3637 exponerent.
1196 3571 1254 3622 lioe

172 3636 351 3700 nihildum,
370 3656 449 3711 quam
466 3639 759 3709 honestumquoddam
780 3640 962 3690 velamentum
978 3646 1045 3692 crst.
1080 3636 1253 3691 Commodius

173 3707 246 3757 onim
263 3710 415 3773 stutuebat,
434 3729 489 3763 rom
509 3711 619 3762 silentio
637 3710 821 3772 dissimulare,
840 3725 900 3759 curu
922 3709 1037 3768 timeret
1056 3722 1091 3757 ue
1105 3710 1129 3759 si
1141 3710 1255 3777 publice
1325 3754 1329 3763 .

172 3784 312 3829 narrarent
327 3796 398 3850 quae
418 3781 573 3843 debebunt,
594 3788 641 3831 sut
656 3790 797 3849 cogeretur
813 3779 848 3829 nb
864 3777 989 3829 omuibus
1008 3792 1101 3845 putem
1122 3781 1252 3847 accipere,

171 3852 269 3913 utpute
291 3848 514 3917 impersurus,
542 3860 670 3919 nepotem
691 3850 882 3917 impetratorem
910 3848 979 3899 iustu
1001 3855 1030 3898 et
1046 3848 1125 3899 utilia
1143 3856 1251 3917 potere:

171 3924 220 3966 sut
230 3917 254 3967 si
268 3928 411 3983 recuteret,
421 3930 513 3990 aperte
525 3930 619 3973 eontra
632 3936 748 3991 aequum
764 3927 793 3971 et
805 3918 907 3971 bonum
923 3934 1002 3987 agere
1014 3928 1178 3975 censeretur.
1196 3920 1253 3968 ism

171 3984 231 4039 dies
250 3989 309 4038 seui
327 3990 503 4053 effluxerunt,
529 3992 604 4043 nulla
622 3990 732 4043 iuterim
753 3989 895 4059 legationis
921 3992 1060 4040 mentione
1078 3989 1166 4049 iactu,
1192 4003 1253 4038 cum

172 4055 326 4125 patriarcha
342 4058 414 4111 diem
432 4063 547 4130 proferri
566 4077 644 4129 aegre
663 4062 769 4121 serens,
798 4056 943 4122 admonet,
969 4052 1041 4109 dieni
1066 4066 1172 4109 sertum
1197 4058 1253 4107 iam

171 4127 365 4197 praeteriisse,
393 4148 446 4185 nco
461 4130 550 4185 adhuc
568 4130 718 4203 quidquem
744 4130 780 4182 ab
796 4129 931 4201 episcopis
957 4126 992 4180 sd
1011 4134 1139 4196 nepotem
1161 4126 1252 4177 missis
