3025 4900
280 299 361 386 228
654 320 934 426 curacensi

60 514 64 524 =
134 487 198 550 Ad!-
211 481 372 562 ιδογτοῦτο
391 483 451 563 μὲν
470 477 526 564 τὴν
542 478 684 543 ἐναντίαν
702 466 723 564 ᾗ
741 466 895 563 προσῆκεν
914 470 1021 559 ελληχο
1039 469 1143 556 τάξιν,
1169 470 1224 538 καί
1238 469 1278 536 cd
1295 475 1356 554 μὲν

281 578 421 664 ἡμέτερα
440 575 517 663 ἔργα
535 578 593 659 τῆς
611 576 766 656 βασιλέως
786 570 950 660 ἐξερρύηκε
968 573 1092 656 μνήμης
1109 566 1284 645 παντελῶς·
1309 563 1358 646 οἷς

284 679 320 741 δὲ
341 673 431 761 ἔργον
450 674 603 755 ἐπιμελὲς,
623 672 706 757 ἡμάς
727 666 873 758 ἀλλήλοις
893 669 1127 754 διαβάλλοντας,
1147 671 1286 756 τῇκοινῇ
1302 675 1360 732 λο-

257 772 454 856 epactarum
469 769 634 854 Ῥωμαίων
653 770 856 858 εὐδαιμονίην,
886 778 952 844 τοῖς
971 766 1074 852 λόγοις
1093 768 1248 852 κατάκρας
1267 763 1359 849 ἑάλω,

282 873 318 937 τί
331 871 439 935 λοιπὸν
456 865 479 955 ἢ
510 866 635 956 σφόδρα
653 871 714 950 μὲν
735 867 870 952 ἀλγῆσαι
889 871 941 954 ἐφ’
971 863 1017 943 οἶς
1037 871 1111 950 παρ’
1133 865 1223 942 ἀξίαν
1239 859 1380 948 άτνχαῖ,6

283 966 466 1053 σογγνάμην
494 970 529 1032 δὲ
557 953 779 1052 πρδς’πατρδς
806 964 939 1030 καὶτῶν
960 965 1115 1048 διαβολῶν
1134 964 1224 1027 ἕνεκα
1244 966 1362 1044 αἰτεῖν,

284 1059 316 1151 ἢ,
337 1066 372 1132 τά
388 1089 423 1150 γε
444 1061 599 1150 δεάτερον,
619 1060 755 1147 βάσανον
772 1067 828 1128 καί
841 1061 929 1148 δίκην
948 1065 999 1150 ἐφ’
1014 1057 1061 1138 οἷς
1081 1061 1195 1136 ἀδάιως
1214 1062 1365 1144 ἐγκαλοῦ-

284 1190 345 1247 μαι
352 1191 363 1246 3
392 1161 410 1230 ἀ
431 1163 469 1248 δὴ
492 1162 546 1228 καί
565 1165 720 1226 διετέλεσα
749 1165 863 1244 ποιάν,
884 1164 930 1236 εἰς
949 1155 1114 1247 ἑξηκοστὴν
1132 1161 1224 1244 τήνδε
1236 1159 1364 1245 ,ἡμέραν

286 1259 308 1350 ἢ
329 1260 521 1344 καὶμᾶλλον
540 1256 714 1347 ἀπαίδριος
740 1263 948 1346 ταλαιπωρῶν
979 1257 1058 1340 μετά
1085 1257 1216 1323 τουτωνί
1239 1256 1366 1323 πάντων

286 1351 332 1428 ἀν
351 1355 428 1446 ἄγω,
449 1365 482 1426 ἀν
501 1355 567 1448 cipp
586 1357 723 1441 μάλιστα
734 1363 907 1442 χειμῶνος,
926 1358 1066 1444 καθάπερ
1089 1356 1127 1443 δη
1148 1357 1214 1423 ἴστε
1233 1356 1287 1422 καί
1306 1354 1409 1421 asi-ro

287 1462 346 1526 τοί.
366 1454 405 1544 ἦν
424 1458 483 1540 μὲν
502 1449 560 1522 adv
581 1455 749 1542 κράτιστον,
771 1457 825 1520 ἐπί
841 1459 997 1540 βασιλέως
1017 1456 1128 1538 αάτοῦ,
1146 1455 1297 1542 παρόντος
1310 1454 1368 1519 καί

287 1553 482 1643 πατριάρχου
505 1557 560 1620 καί
577 1557 634 1619 aad
654 1557 757 1618 κοινοῦ
778 1556 841 1619 τάν
861 1556 1025 1636 Ῥωμαιων
1045 1551 1177 1636 παντὸς,
1207 1557 1367 1618 ποιεῖσθαι

144 1703 154 1724 s
257 1655 346 1732 (Ξτάς
366 1651 552 1737 ἀπολογίας,
580 1656 620 1718 l'v'
641 1645 662 1738 ἢ
681 1651 846 1739 διαφυγών
866 1651 922 1729 τοὶς
942 1654 1064 1735 αἰτιας,
1084 1656 1163 1716 πάσι
1181 1649 1365 1735 καταστήσω

291 1756 446 1841 ἐμφανὲς,
477 1751 521 1827 ὥς
540 1749 709 1835 βιαιότατοι
729 1753 785 1817 καί
804 1744 898 1817 ἀδικα
924 1751 1067 1817 dulicaria
1088 1747 1368 1838 συκοφαντούντων

292 1847 457 1934 ὑπομένω,
477 1847 498 1936 ἢ
518 1849 614 1925 ἁλοδς
633 1859 703 1927 ταῖς
722 1847 868 1940 ἀπάντων
887 1848 1155 1936 ψήφοις-ἀδικῶν,
1178 1850 1290 1934 μηκέτι
1309 1846 1414 1912 dri-15

294 1945 492 2036 copiacopia
513 1947 669 2031 ἀναβολάς
687 1957 805 2033 χωρεῖν
824 1950 900 2033 μηδ’
917 1945 1026 2036 ἔφεσιν
1046 1951 1163 2032 ζητεῖν,
1191 1947 1234 2024 ὥς
1251 1939 1273 2031 ἢ
1292 1943 1370 2031 πρὸς

291 2048 388 2133 ,χάριν
416 2041 438 2131 ἢ
465 2044 541 2131 πρὸς
569 2045 759 2131 φιλονεικίαν
782 2042 845 2109 ἀπὸ
874 2047 938 2111 τάν
967 2046 1157 2115 δικασάντων
1188 2061 1370 2131 καταψηφι-

294 2143 397 2226 σθείς,
426 2139 506 2208 ἀλλά
525 2139 582 2227 την
599 2141 688 2222 ἀξίαν
712 2141 799 2228 δίκην
818 2143 883 2208 dai.
922 2142 1029 2228 ἐπειδη
1050 2139 1186 2215 δὲοῦτοι
1207 2145 1271 2208 δεῖν
1290 2139 1371 2207 εἶναι

295 2244 430 2328 κέκρικεν
449 2239 466 2304 δ
484 2237 643 2323 βασιλεάς,
662 2238 799 2326 χάριτας
817 2243 876 2323 μὲν
891 2237 1007 2317 πολλάς
1027 2242 1167 2324 ὁμολογῶ
1182 2244 1227 2328 τῷ
1245 2238 1372 2305 πάντων

294 2337 491 2423 βασιλεύοντι
510 2334 584 2428 θεῷ’,
606 2335 656 2404 ὅτι
676 2337 786 2426 καιρὸν
806 2342 962 2427 παρέσχεν
983 2341 1168 2423 ἀπολογίας,
1188 2335 1260 2436 ,οάχ
1278 2329 1418 2423 {novae

297 2440 332 2505 δὲ
349 2429 477 2523 βασιλεῖ
490 2462 524 2504 τε
544 2435 599 2504 καί
615 2437 817 2528 πατριάρχη,
850 2441 892 2528 τῷ
908 2440 967 2521 μὲν
986 2438 1129 2505 πείσαντι
1148 2437 1204 2524 τὴν
1224 2438 1373 2524 ἐξέτασιν,

298 2538 341 2627 τῷ
362 2540 398 2603 δὲ
424 2540 602 2603 πεισθέντι·
643 2536 697 2602 καί
714 2534 790 2620 ἀμῖν
809 2547 875 2613 τοῖς
901 2533 1083 2623 ἀφιγμένοις
1120 2540 1209 2603 ἓνεκα
1236 2540 1298 2603 τάν
1318 2537 1406 2603 rad-⁴

272 2652 383 2705 Βιων.
402 2638 514 2719 δέομαι
535 2638 570 2701 δὲ
590 2634 696 2721 dacis,
716 2634 762 2723 μὴ
783 2636 827 2712 ἀς
844 2640 975 2721 βασιλεῖ
988 2658 1045 2720 μοι
1065 2640 1228 2724 προσέχειν
1246 2638 1299 2701 ἐπὶ
1317 2640 1376 2721 τῆς

303 2825 369 2895 quia
384 2823 451 2876 haec
467 2840 552 2887 secus,
568 2840 649 2896 φοοοι
662 2823 773 2895 dignum
793 2824 856 2889 fuit,
878 2832 1044 2889 evenerant,
1062 2842 1186 2947 praeque
1210 2823 1322 2877 fecimus
1340 2838 1377 2875 ca

303 2898 394 2945 animo
409 2896 451 2947 avi
470 2897 579 2962 penitus
594 2894 773 2962 effluxerunt3
794 2912 910 2966 quorum
928 2904 1019 2947 autem
1033 2897 1062 2946 in
1083 2904 1166 2947 urtrra
1179 2896 1208 2946 in
1228 2912 1259 2946 co
1274 2910 1376 2945 consu-

304 2965 396 3025 mitur,
416 2972 447 3015 ut
462 2965 706 3017 alteramnostrum
728 2965 800 3035 apud
817 2968 933 3019 alterum
950 2966 980 3016 in
995 2964 1126 3016 invidiam
1148 2964 1268 3018 vocando
1299 2980 1377 3015 com-

305 3034 382 3086 muni
401 3036 577 3087 Romanorum
594 3034 719 3085 felicitati
732 3037 881 3103 perniciem
899 3042 1012 3095 struant,
1034 3050 1125 3087 eorum
1138 3034 1286 3087 mendaciis
1299 3051 1380 3101 pror-

305 3120 349 3154 sus
367 3105 487 3155 irretitus
503 3112 555 3167 σοι,
573 3103 639 3171 quid
656 3104 870 3173 relinquebatur,
889 3106 943 3156 nisi
955 3112 987 3156 at
1000 3106 1044 3155 vel
1058 3105 1151 3174 angori
1173 3120 1216 3155 me
1237 3103 1380 3167 dedercm,

304 3174 334 3224 in
353 3173 489 3225 miseriam
507 3172 640 3223 immerito
663 3188 723 3224 mco
736 3175 940 3244 praecipitatas,
956 3175 1118 3244 veniamque
1134 3190 1149 3225 a
1171 3183 1265 3243 patre,
1282 3190 1381 3244 quam-

305 3260 383 3312 quam
397 3244 476 3294 meris
486 3242 627 3293 calumniis
642 3250 820 3311 oppugnatus,
834 3241 976 3312 peterem?
992 3252 1040 3295 aut
1049 3253 1121 3296 certe
1132 3251 1243 3312 propter
1255 3259 1295 3305 ea,
1309 3259 1381 3327 quae

303 3312 373 3363 mihi
392 3313 460 3364 falso
484 3312 656 3379 affinguntur,
680 3328 792 3364 examen
816 3330 847 3365 ac
867 3310 1020 3364 indicium?
1036 3313 1118 3381 Quod
1134 3316 1214 3365 etiam
1230 3314 1299 3375 feci,
1323 3328 1381 3365 sam

303 3383 364 3449 plns
382 3384 571 3451 sexagesimum
592 3379 664 3432 diem
678 3380 727 3432 sub
743 3382 789 3434 dio
807 3397 868 3435 cnm
889 3381 932 3434 his
951 3382 1085 3446 omnibus,
1099 3400 1166 3454 qnos
1184 3383 1266 3445 duco,
1285 3381 1383 3433 hiber-

306 3453 350 3502 nis
368 3451 504 3503 mensibus
521 3450 688 3503 incommoda
703 3452 857 3519 perierem,
877 3450 951 3523 quod
966 3469 1017 3503 nec
1038 3468 1085 3505 vos
1106 3454 1226 3505 nescitis.
1272 3452 1385 3503 Fuisset

309 3521 459 3587 optimum,
478 3523 657 3591 imperatore,
679 3520 830 3589 patriarcha
847 3528 959 3591 totoque
973 3524 1090 3574 Romano
1104 3524 1207 3592 populo
1226 3520 1383 3591 praesenti·

309 3588 370 3651 bus,
388 3588 572 3643 defensionem
586 3608 721 3660 peragere,
739 3599 771 3641 ut
786 3592 830 3643 vel
842 3591 981 3643 absolutus
995 3590 1158 3645 declararem
1178 3592 1311 3653 omnibus,
1336 3606 1384 3643 me

310 3657 346 3709 ab
364 3660 422 3709 istis
440 3660 611 3729 sycophantia
626 3660 813 3731 indignissime
829 3662 938 3728 violari;
956 3662 1000 3711 vel
1016 3663 1124 3714 sceleris
1137 3664 1257 3714 omnium
1271 3660 1384 3712 calculis

311 3725 504 3781 condemnatus
513 3768 520 3792 ,
543 3748 598 3781 non
616 3732 687 3783 ultra
703 3732 906 3799 ampliationem
923 3748 1079 3801 quaererem
1096 3748 1186 3805 neque
1201 3746 1387 3801 provocarem,

312 3800 422 3867 quasia
439 3798 685 3853 iudicibusautud
702 3804 815 3871 gratiam
835 3807 882 3852 aut
897 3818 931 3852 ex
952 3802 1132 3854 aemulatione
1154 3803 1308 3864 damnatus,
1334 3800 1389 3852 sed

314 3884 381 3937 quas
400 3870 614 3919 commeruissem
632 3887 733 3939 poenas
746 3870 912 3923 sustinerem.
948 3870 1002 3923 Sed
1017 3874 1081 3942 quia
1096 3872 1136 3923 sic
1173 3871 1282 3923 tacitum
1297 3872 1390 3939 impe-

314 3937 406 4001 ratori,
424 3954 532 4005 magnas
546 3941 731 3993 universorum
745 3940 902 4008 imperatori
915 3940 984 4003 Deo,
1000 3942 1048 4011 qni
1060 3941 1214 3994 defensioni
1224 3956 1299 3993 meae
1314 3938 1391 3991 hane

315 4008 547 4075 opportunitatem
565 4008 683 4074 obtulit,
707 4024 759 4062 nec
783 4012 873 4063 minus
892 4010 947 4079 ipsi
973 4027 1022 4062 avo
1046 4020 1075 4064 ct
1092 4010 1261 4081 patriarchae
1287 4010 1390 4078 gratias

315 4092 380 4146 ago:
398 4074 478 4138 hnic,
495 4074 569 4146 quod
584 4087 677 4132 auctor
690 4079 759 4143 fuit,
776 4088 808 4133 ut
827 4081 909 4133 resin
932 4079 1119 4165 inquisitione·
1156 4088 1298 4145 oneretur;
1323 4078 1394 4142 illi,
1429 4120 1435 4129 .

316 4144 390 4229 qnod
402 4145 455 4197 sibi
471 4145 499 4197 id
510 4162 611 4214 passus
626 4156 668 4201 est
704 4149 854 4201 ersuaderl:
876 4149 952 4202 vobis
966 4158 1051 4215 rtem,
1092 4167 1121 4201 nr
1136 4098 1190 4202 dac
1205 4149 1394 4232 iter-suscepi-

315 4222 383 4281 sus,
400 4214 434 4271 de
445 4214 539 4270 labore
555 4223 651 4271 τοιλτο.
682 4166 777 4275 delini
790 4227 881 4275 antean
899 4226 1019 4291 rogatos,
1036 4169 1117 4274 neda
1132 4219 1185 4275 hoc
1197 4218 1301 4292 indicio
1317 4216 1395 4273 nihi
