3025 4900
330 324 428 386 hvttt
768 314 793 370 Ι.
820 309 999 374 Potum

330 453 443 566 dlcere,
465 505 557 568 quiam
572 486 597 546 si
611 503 660 544 eas
675 478 857 565 prudentes,
879 483 1035 562 copiosas,
1058 500 1284 569 nervorumque
1296 504 1332 548 ae
1343 505 1413 548 saue

330 590 430 670 guinis
452 585 577 669 plenas,
617 595 648 644 et
664 583 791 643 omnino
813 575 1062 664 ῥητορικωτέρας
1084 581 1197 646 dixero.
1254 585 1416 647 Praeterea

330 687 381 749 hic
403 677 539 747 inienire
551 694 597 744 est
618 679 700 743 locos
714 699 888 741 comunes
901 689 1047 742 tracuus
1060 685 1199 765 egregie,
1227 687 1302 745 scite
1321 684 1416 763 dua,

330 787 500 870 paroemias
521 803 584 844 non
608 781 768 864 vulgares,
802 778 966 841 celebrium
990 783 1173 863 scriptorum
1195 785 1240 865 (ut
1261 783 1301 845 de
1325 786 1417 845 sacris

330 895 447 946 taceam
458 884 480 964 ),
490 884 663 961 sententias,
692 879 816 943 fabellas
830 878 945 961 aliquot
963 880 1078 964 lepidas
1104 894 1136 944 et
1152 883 1271 944 adrem
1291 884 1417 946 demon·

331 984 486 1046 strandum
500 986 672 1066 appositus:
696 1001 792 1064 quas,
822 990 858 1040 ut
876 981 945 1057 scis,
967 979 1223 1064 Philosophorum
1238 983 1284 1044 illi
1299 986 1417 1045 autisti-

331 1095 389 1160 tes,
407 1081 497 1147 Plato
519 1094 549 1144 et
564 1079 754 1158 Aristotcles,
776 1081 954 1162 neutiquam
971 1083 1206 1144 contemnendas
1225 1094 1419 1149 cerasuerunt.

331 1184 460 1266 Capient
475 1193 506 1244 te
521 1184 607 1260 item,
629 1201 703 1264 quas
720 1181 848 1240 strictim
863 1181 996 1262 attingit,
1015 1181 1169 1242 Romanae
1182 1182 1343 1245 historiae:
1366 1205 1418 1244 ca-

330 1285 415 1366 pient
432 1285 510 1346 varii
533 1285 628 1343 ritus:
661 1280 782 1362 capient
799 1297 877 1361 quoe
900 1280 1009 1340 miscet
1028 1282 1200 1342 animorum
1214 1293 1330 1362 motus,
1350 1293 1418 1343 tum

331 1373 414 1444 ledes
441 1404 476 1444 ac
497 1379 610 1466 sedati,
642 1399 718 1462 quos
739 1365 803 1460 ἤθη
826 1378 953 1456 Graeci,
988 1389 1056 1440 tum
1084 1401 1191 1464 graves
1209 1379 1257 1442 illi
1293 1393 1326 1442 et
1352 1403 1420 1442 con·

330 1483 432 1560 citati,
463 1501 540 1563 quos
566 1477 660 1540 iidem
685 1474 773 1560 πάθη
803 1487 934 1538 vocant:
973 1479 1096 1559 capient
1119 1480 1337 1564 descriptiones
1358 1481 1417 1542 ali-

330 1591 407 1663 quot
435 1580 587 1661 insignes:
609 1579 729 1661 capient
750 1573 811 1638 aha
832 1575 956 1637 demum
978 1575 1120 1659 plurima.
1162 1579 1282 1659 Quodsi
1314 1601 1420 1642 rerum

330 1680 460 1741 varietas
473 1677 620 1756 delectat,
650 1676 772 1759 dequo
788 1694 879 1736 nemo
902 1673 1042 1755 dubitat,
1072 1697 1108 1739 ea
1127 1699 1200 1740 sane
1220 1681 1271 1742 hic
1293 1681 1420 1744 mirifica

330 1779 483 1855 αοταίῐαν,
505 1789 541 1839 ut
559 1775 747 1860 singulorum
766 1773 915 1836 librorum
931 1775 1104 1858 periochae,
1124 1797 1178 1838 seu
1199 1781 1353 1860 epitomae
1371 1782 1420 1840 in-

330 1875 484 1942 dicabunt.
528 1877 687 1958 Episcopis
708 1873 829 1936 debitus
848 1874 967 1953 honos,
996 1886 1027 1936 et
1044 1879 1213 1938 reverentia
1232 1876 1284 1938 hic
1308 1879 1420 1940 tribui·

330 1985 392 2036 tur.
444 1974 600 2038 Catholica
622 1977 775 2053 instituta,
807 1974 1054 2056 ceremoniaeque
1080 1978 1123 2035 ita
1150 1987 1222 2036 sunt
1248 1995 1307 2059 per
1328 1976 1422 2038 hosce

331 2075 425 2140 libros
450 2073 621 2154 luculenta,
664 2084 699 2134 ut
726 2093 789 2134 uon
814 2083 900 2154 optes
924 2075 1029 2156 magis.
1071 2073 1108 2135 lu
1125 2077 1231 2156 prinus
1261 2097 1338 2138 vero
1359 2077 1419 2138 Dei

331 2179 431 2238 Mater
455 2195 573 2236 summa
592 2175 624 2234 in
650 2173 844 2234 veneratione
869 2183 933 2234 estc
967 2173 1017 2232 cui
1038 2173 1129 2235 etiam
1148 2173 1223 2235 urbs
1246 2186 1313 2235 tota
1337 2176 1421 2236 Con·

330 2273 539 2358 stmtinopolis
556 2295 575 2334 a
597 2273 794 2336 Constantino
812 2273 925 2355 Magno
948 2274 1126 2351 commissa,
1162 2294 1197 2334 ac
1212 2272 1355 2335 dedicata
1377 2273 1422 2335 le-

237 2367 241 2375 ’
331 2355 448 2459 giam
473 2375 546 2440 Vita
566 2374 731 2434 monastica
757 2381 803 2432 est
823 2370 869 2432 illi
900 2371 1032 2455 πρᾶγμα
1056 2366 1150 2433 καλὸν
1174 2368 1230 2434 καί
1258 2371 1422 2459 impulit,

331 2471 506 2557 ἀπράγμων
534 2472 590 2535 καί
612 2467 727 2552 μεστὸς
748 2465 887 2554 γαλήνης
914 2470 1001 2550 βίος,
1037 2464 1209 2554 αἷνρότατος
1238 2469 1332 2552 βίος,
1370 2468 1426 2535 καί

330 2570 500 2655 τελεωτάτη
519 2568 678 2651 πολιτεία,
714 2562 804 2633 θεῖόν
820 2592 853 2631 τι
879 2569 993 2651 χρῆμα
1025 2568 1081 2631 καί
1099 2562 1201 2652 ἱερὸν,
1229 2570 1422 2655 φιλοσοφίαι,

330 2671 387 2735 καί
411 2670 486 2755 περί
507 2668 662 2754 οὐρανίων
690 2662 886 2753 πραγμάτων
920 2667 1052 2749 γνῶσις,
1085 2662 1178 2750 ἔργον
1202 2662 1334 2752 ὖψηλόν
1369 2668 1426 2734 καί

330 2764 390 2851 τὴν
415 2767 617 2855 ἀνθρωπίνην
640 2762 832 2851 νλπερβαῖνον
853 2762 1008 2847 δύναμιν,
1037 2760 1109 2851 ἱερὰ
1127 2760 1259 2849 ἡσυχία.
1304 2769 1342 2831 ld
1363 2780 1421 2847 est,

330 2886 382 2930 res
405 2872 536 2933 honesta
554 2914 568 2943 ‚
611 2882 642 2932 et
669 2869 739 2931 Deo
765 2868 931 2941 amabilis,
970 2868 1037 2930 uita
1062 2870 1198 2948 negotiis
1217 2889 1345 2942 vacua,
1391 2881 1425 2931 et

333 2970 573 3053 tranquillitatis
595 2970 713 3056 plena,
748 2986 929 3050 supremum
973 2987 1012 3031 ac
1044 2956 1314 3051 perfectissimum
1334 2969 1423 3029 uitae

331 3067 508 3134 institutum
517 3112 531 3143 ,
554 3088 604 3129 res
621 3082 730 3131 sancta
767 3064 941 3138 etdivina,
974 3066 1198 3151 philosophia,
1220 3078 1252 3127 et
1279 3066 1424 3147 cognitio

255 3223 263 3237 ,
330 3186 438 3227 rernm
456 3168 658 3240 coelestium,
690 3186 770 3249 opus
793 3164 924 3227 sublime
933 3206 947 3237 ,
986 3176 1018 3227 et
1040 3165 1184 3226 hunonis
1209 3163 1336 3227 uiribus
1355 3186 1423 3227 mo·

331 3264 381 3323 ius
388 3307 401 3336 ,
431 3266 520 3345 quies
543 3278 661 3331 sancta.
702 3266 839 3325 Montem
857 3281 950 3344 porro
970 3262 1074 3342 Atho,
1096 3261 1135 3323 ad
1152 3282 1243 3345 quem
1258 3262 1424 3346 complura

332 3360 487 3439 aedilitate
511 3364 711 3439 monasteria,
744 3364 778 3423 in
795 3364 906 3444 quibus
935 3364 1040 3445 ingens
1067 3361 1287 3427 monachorum
1313 3361 1425 3424 multi-

330 3460 426 3538 tudo,
456 3455 545 3523 πόλιν
566 3456 713 3544 οὐράνιον
719 3508 729 3539 ,
761 3462 925 3523 coelestem
949 3462 1106 3522 civitatem
1126 3462 1273 3525 nominat.
1315 3460 1425 3523 Fucos

331 3556 400 3623 illos
419 3558 631 3639 scholasticos,
664 3556 718 3621 καί
740 3554 800 3631 τὰς
821 3553 996 3640 ληκύθους,
1035 3570 1066 3619 et
1089 3561 1244 3640 pigmenta
1265 3559 1425 3621 isocratea

330 3678 393 3717 non
414 3656 507 3717 habet
525 3656 599 3719 haec
615 3660 760 3721 historia:
789 3658 843 3720 sed
864 3668 1005 3719 ornatum
1023 3650 1185 3739 quemdum
1205 3659 1426 3738 matronalem,

331 3755 512 3838 virilemrple
542 3777 577 3818 ac
602 3759 759 3820 robustam
775 3755 963 3840 elegantium.
1004 3757 1164 3819 schemata
1183 3757 1335 3841 quaedam
1348 3780 1425 3819 ora·

331 3856 432 3934 toria,
465 3854 665 3918 ethtticismi
687 3879 749 3919 non
772 3859 893 3939 penitus
912 3856 1032 3919 abstmt.
1084 3857 1204 3940 Lingua
1225 3859 1334 3939 purior
1360 3869 1424 3937 est,

332 3974 425 4035 (Ῑιιαπι
448 3976 504 4037 pro
529 3954 581 4016 illa
603 3966 718 4033 aetate,
748 3978 811 4024 non
831 3976 903 4015 cum
919 3954 997 4015 lacte
1014 3957 1141 4016 nutricis
1157 3956 1281 4033 hausta3
1310 3954 1368 4017 sed
1386 3978 1425 4017 ex

332 4052 418 4115 libris
442 4066 588 4137 percepta.
606 4054 756 4123 videlieet.
814 4056 894 4116 Nam
913 4052 969 4115 illo
991 4054 1113 4116 saeculo
1139 4053 1213 4136 (sub
1232 4052 1426 4117 Andronicis

333 4152 488 4219 nimirum.
506 4154 656 4240 etentes)
673 4176 736 4219 non
757 4154 949 4237 mediocriter
968 4153 1168 4237 indisertam,
1190 4165 1220 4215 et
1235 4154 1426 4219 minutiones
