3025 4900
349 845 651 936 EDITIONIS
694 841 996 922 PARISINAE
1031 843 1373 925 PRAEFATIO.

605 1254 1115 1370 nucr0n1

675 1427 1007 1577 'cirn1no

294 1795 490 1910 „Sannaus
511 1857 542 1908 et
565 1845 811 1929 quadragesimus
831 1865 928 1907 annus
947 1845 997 1908 hic
1017 1845 1138 1930 egitur,
1166 1852 1326 1928 poetquam
1346 1843 1400 1906 la-

261 1990 275 1998 -
319 1947 419 2026 cobua¹
436 1933 593 2007 ¹Pontianus
610 1945 766 2008 societatis
786 1945 854 2005 lesu
869 1945 1013 2006 loannem
1026 1945 1266 2006 Cantacuzenum
1284 1945 1400 2006 Orien-

317 2047 367 2107 tis·
377 2046 594 2127 Imperatorem
615 2040 771 2127 epalliato
790 2054 926 2127 togatum
945 2045 1036 2105 fecit:
1058 2044 1096 2105 de
1115 2045 1243 2122 Graeco,
1257 2045 1400 2124 inquam,

317 2145 350 2206 in
366 2146 508 2206 Latinum
522 2145 673 2227 eleganter
691 2145 858 2206 convertit:
886 2154 1034 2227 togaeque
1054 2145 1121 2205 eius
1131 2154 1220 2204 notas
1238 2141 1400 2225 pererudi-

317 2253 365 2304 tas
383 2242 476 2306 veluti
492 2265 660 2326 purpuram
677 2245 824 2324 intexuit,
844 2265 884 2306 ne
902 2243 1016 2306 ecilicet
1033 2253 1134 2304 tenue
1145 2245 1289 2304 Graeciae
1309 2243 1400 2323 prin·

317 2361 387 2423 ceps
408 2345 440 2404 in
462 2343 624 2424 publicum.
641 2344 705 2404 sine
726 2363 863 2426 purpura
881 2343 1029 2426 prodiret.
1082 2342 1188 2423 Itaque
1206 2341 1295 2424 longe
1315 2342 1400 2422 opti-

316 2462 402 2503 mum
425 2439 601 2503 historicum
632 2453 663 2504 ct
691 2441 843 2505 veteribus
867 2464 970 2504 rerum
1000 2442 1194 2524 scriptoribus
1218 2443 1282 2503 sine
1301 2439 1399 2501 dubio

317 2540 574 2622 comparandum,
612 2563 673 2625 qua
695 2540 795 2621 docti,
830 2564 891 2624 qua
917 2542 1030 2603 indocti
1059 2542 1200 2603 manibua
1226 2539 1400 2603 versabant.

316 2640 359 2700 Hi
382 2652 506 2722 propter
534 2660 637 2701 rerum
661 2650 813 2723 gestarum
837 2643 1014 2702 memoriam
1040 2651 1194 2701 auctorem
1220 2638 1398 2718 laudabant,

316 2749 347 2799 ct
368 2739 556 2830 probabapte
585 2738 630 2801 illi
650 2760 757 2801 ,rerum
778 2740 951 2803 divinarum
970 2750 1061 2821 atque
1075 2738 1276 2800 humanarum
1297 2738 1397 2797 acien-

314 2840 389 2899 tiam
410 2840 440 2898 in
467 2840 604 2921 principe
629 2838 849 2921 suspiciebant:
884 2837 1004 2901 civilem
1025 2839 1178 2916 animum,
1205 2834 1397 2919 prudentiam

316 2934 398 2996 domi
427 2936 630 3019 militiaeque.¹
669 2937 877 3000 fortitudinem
907 2939 940 2999 in
969 2938 1059 2999 rebm
1087 2934 1264 2997 hostilibuse
1303 2935 1397 2993 animi

315 3036 552 3116 magnitudinem
572 3038 604 3096 in
624 3015 810 3117 perferendis
831 3036 972 3114 iniuriis,
1009 3056 1083 3117 quaa
1106 3032 1269 3093 intulerant
1289 3029 1397 3090 mode-

314 3135 389 3192 atiae
415 3135 508 3193 nescii
549 3144 580 3193 et
603 3134 729 3215 pudoris
759 3134 855 3214 ignari
885 3132 1042 3208 homines,
1078 3150 1214 3211 quosque
1238 3149 1274 3189 ex
1297 3150 1396 3210 paene

313 3231 409 3291 servit
428 3228 539 3289 liberos
558 3228 690 3307 fecerat,
720 3238 751 3289 et
766 3250 801 3287 ex
820 3228 929 3289 infimis
946 3228 1126 3306 hominum,
1153 3246 1299 3289 summos.
1329 3226 1396 3288 De·

313 3328 406 3409 nique
424 3327 456 3387 in
477 3328 660 3409 imperatore
684 3324 874 3387 clementiam
894 3326 1104 3408 egelestae,
1138 3325 1245 3408 dignos
1258 3323 1396 3409 proiecto

314 3424 368 3505 qui
379 3423 500 3485 hostilia
516 3434 708 3507 paterentur,
729 3423 923 3507 funditusque
937 3422 1134 3505 tollerentur3
1164 3434 1317 3505 postremo
1337 3423 1395 3484 ab·

242 3534 246 3542 “
315 3523 495 3584 dicationem
516 3524 655 3604 imperii,
682 3522 964 3605 despectionemque
980 3542 1116 3584 summae
1134 3525 1179 3583 rei
1202 3521 1394 3585 demircban·

314 3630 388 3701 tur,
417 3622 503 3683 cuine
520 3640 612 3683 causa
630 3621 768 3705 plerique
787 3624 856 3683 iura
872 3621 976 3684 divine
998 3621 1190 3710 humanaque
1208 3619 1342 3701 violant,
1363 3633 1396 3684 et

314 3739 463 3781 secessum
482 3720 514 3780 in
530 3723 767 3801 monasterium,
794 3741 856 3804 quo
876 3718 1027 3782 solurius
1047 3730 1261 3803 eeparatusque
1280 3739 1316 3780 ex
1335 3718 1394 3780 ho-

313 3819 431 3879 minum
453 3817 621 3900 frequentia
641 3821 796 3902 puriorem
813 3830 844 3881 et
863 3820 1043 3881 sanctiorem
1058 3820 1155 3880 vitam
1171 3820 1296 3880 viveret.
1336 3816 1392 3895 Hi,

314 3916 459 3997 inquam,
480 3915 594 3997 idest,
615 3918 748 3981 Graecae
762 3918 882 4001 linguae
895 3919 1007 3998 nescii,
1032 3938 1096 3977 non
1115 3916 1204 3979 aliter
1225 3934 1317 3997 quam
1332 3912 1393 3975 La-

314 4014 376 4074 tine
395 4013 566 4097 loquentem
577 4014 710 4079 vellent:
732 4015 796 4095 illi,
821 4016 925 4095 idest,
946 4016 1088 4079 callentes
1103 4016 1258 4095 utrimque
1274 4011 1394 4093 lingtrae

315 4110 427 4173 diutius
448 4112 526 4174 ferre
549 4134 610 4175 non
627 4126 792 4199 poterant,
820 4128 855 4176 ut
878 4117 1011 4177 Graecus
1033 4126 1138 4177 auctor
1163 4110 1268 4189 aliter,
1301 4132 1393 4193 quam

315 4212 428 4275 Graece
453 4212 635 4295 loqueretur.
683 4214 774 4297 Quod
795 4236 864 4278 cum
885 4214 1064 4297 intelligeret
1093 4211 1314 4277 illustrissimus
1336 4210 1392 4269 Vir
