3025 4900
432 367 715 434 ursrouuauu
744 371 770 432 ι.
793 375 843 438 ss.
1113 341 1172 430 <53

90 523 120 588 ai
133 517 190 606 γύρ
210 518 292 606 πρύς
311 522 469 603 βασιλέως
489 519 623 608 στρατιδ
644 520 725 606 πρδς
753 525 859 601 δίωξιν
885 518 975 608 ἧμῶν
999 522 1242 610 δποοταλῇ,λ.ῦ.
1254 535 1317 586 rtac

89 623 171 686 δυοῖν
190 613 314 704 ἀνάγκη
334 620 470 705 θάτερον
489 617 634 702 ἑλέσθαι,
655 615 678 704 ἢ
697 619 756 698 τοὶς
773 631 923 704 γυναῖκας
942 621 1196 698 καταλιπύνταςΡ.
1212 631 1250 690 30

88 719 270 802 χρήσασθαι
291 720 390 804 φυγῇ,
413 713 431 780 δ
451 719 570 792 δειλίας
590 716 646 782 καί
664 719 846 805 ἀνανδρίας,
867 717 913 784 ἔτι
934 743 968 784 τε
990 714 1100 794 ύνοίας
1120 718 1176 783 καδ

89 815 239 896 demitte
252 815 329 898 ἡμῖν
347 814 486 901 ἔγκλημα
502 813 672 900 περιύψει,
694 815 773 902 πρὸς
785 820 828 904 τῷ
845 818 899 880 καί
913 813 1039 895 ἇδοξίας
1056 817 1174 894 αἰτίους

71 916 125 1001 5εῇ
141 913 288 998 βασιλίδι
306 917 465 998 γεγονέναι
486 913 576 998 δίκην
597 909 732 1002 ἆγομὲνῃ
761 912 972 1000 δοριαλώτου,
1006 908 1029 1000 ἢ
1056 913 1174 998 ταύτης

86 1015 175 1078 ἕνεκα
191 1014 437 1088 πολλαπλασίοις
456 1007 581 1096 ύλίγους
599 1015 874 1095 συμπλεκομένους
892 1010 1109 1098 ἀποθνήσκειν,
1129 1005 1175 1078 οἷν

86 1112 255 1196 ούδὲτερον
274 1104 406 1176 ἑλέσθαι
419 1110 571 1196 προσήκει
592 1112 855 1198 σωφρονοῦντας.
883 1107 963 1197 πρὸς
987 1113 1023 1176 δὲ
1040 1111 1177 1199 τούτοις,

85 1209 163 1274 ericii
180 1205 263 1293 πρὸς
280 1207 338 1284 ούς
353 1204 561 1294 εἰσερχόμεθα
581 1211 695 1292 βέβαια
716 1207 757 1274 τοὶ
779 1213 836 1294 τῆς
856 1211 990 1285 πίστεως
1008 1208 1099 1293 ἡμῖν,
1120 1208 1177 1276 καί

87 1305 142 1370 διαὶ
152 1310 243 1372 τούτο
261 1307 300 1370 ού
308 1309 436 1388 μέλλειν
452 1307 526 1372 atet
540 1308 737 1395 accercitus
751 1306 809 1376 τδν
821 1307 932 1395 καιρδν
944 1306 1072 1390 ύμαλῶς
1083 1305 1176 1390 βαδί-

58 1407 200 1483 ισζοντας
219 1403 275 1468 καί
289 1405 476 1488 ἀνειμένοις,
504 1403 583 1470 ἀλλὰ
600 1410 925 1489 κατεσπουδασμένος
943 1409 998 1470 καί
1011 1402 1071 1470 σύν
1086 1402 1176 1487 τύχει

86 1505 193 1592 πολλῷ
204 1501 280 1590 χρὴ,
302 1506 354 1568 ἵνα
368 1503 413 1589 μή
431 1503 493 1590 πρύ
506 1508 564 1570 roci
576 1505 663 1591 ἡμεῖς
681 1501 865 1592 ἀφικέσθαι,
885 1503 945 1589 τὴν
961 1497 1072 1592 ἄφιξιν
1087 1504 1179 1589 ἡμῶν

85 1603 270 1686 πυθόμενοι,
289 1600 523 1686 βουλεύσωνται
539 1603 617 1668 κατὰ
634 1608 737 1692 σφᾶς,
756 1604 802 1690 μὴ
818 1607 1021 1684 εἰσδέξασθαι
1035 1604 1118 1688 ἡμᾶς
1133 1605 1198 1690 τῇπ-

86 1700 174 1765 πύλει
183 1753 195 1782 ,
214 1704 271 1766 καί
288 1703 438 1785 γένωνται
452 1701 654 1787 παράδειγμα
672 1706 728 1770 κατ’
745 1713 819 1782 ταῖς
831 1695 943 1778 ἄλλαις
961 1703 1000 1769 τύ
1021 1701 1076 1768 ἴσα
1090 1705 1179 1790 δρᾷν,

86 1801 157 1864 ἄλλ’
178 1793 297 1876 αύτούς
313 1799 397 1886 ἡμᾶς
417 1794 574 1884 ἀγγέλλειν
593 1825 626 1866 τε
655 1800 713 1886 τὴν
733 1793 842 1888 ἄφιξιν
855 1801 947 1885 ἡμῶν
963 1799 1020 1864 καί
1034 1802 1178 1882 κατέχειν

61 1895 144 1981 sirie
157 1895 262 1962 πόλιν.
281 1897 319 1961 ού
336 1895 401 1982 μὴν
420 1897 500 1962 ἀλλὰ
522 1903 577 1964 καί
592 1897 627 1964 τὸ
647 1897 728 1964 κατοὶ
750 1897 887 1984 γαστρὸς
907 1897 992 1983 ἔχειν
1012 1896 1071 1984 τὴν
1083 1902 1178 1981 βασι·
1238 1955 1241 1961 ,

88 1996 161 2058 λίδα
184 1996 224 2058 ου’
244 1993 358 2080 μικρὸν
377 1993 508 2078 κώλυμα
529 1997 609 2082 πρὸς
628 1995 664 2063 τύ
683 1993 822 2082 α’νδρύσι
842 1997 1013 2084 φεύγουσιν
1043 1998 1178 2061 ciseice-

89 2099 168 2159 δεῖν.
198 2096 243 2158 δι’
258 2092 282 2160 δι’
297 2091 336 2179 δὴ
353 2093 456 2160 πάντα
473 2093 640 2180 προσήκειν
657 2097 813 2181 ἡγοῦμαι,
831 2097 947 2182 ταύτην
959 2099 1020 2179 μὲν
1034 2096 1089 2183 ίᾷν
1104 2096 1208 2162 καθ’ν.
1228 2115 1261 2168 30

90 2193 228 2276 ἢσνχιλιν
254 2193 377 2276 μένειν,
410 2193 493 2278 ἡμεῖς
521 2194 555 2258 δὲ
576 2194 839 2259 διακινδυνεύειν·
874 2188 934 2262 νύν
960 2197 1022 2277 μὲν
1039 2193 1118 2280 ἡμῖν
1137 2192 1178 2258 τοὶ

90 2291 263 2376 πράγματα
279 2290 412 2380 χωρήσῃ
432 2289 511 2356 κατοὶ
532 2295 616 2374 νοῦν,
635 2296 715 2357 θεοῦ
733 2296 940 2376 βουλομένου,
960 2293 1023 2358 τὰί
1041 2286 1105 2378 ἤδη
1125 2291 1181 2356 καί

61 2387 148 2475 acria
167 2391 320 2474 βασιλίδα
347 2396 595 2471 μετακαλεϊοθαι
624 2385 761 2480 ὅπουπερ
785 2385 826 2458 air
851 2383 1060 2481 ᾗβαοιλεύς,
1099 2394 1129 2457 εἰ
1149 2393 1178 2456 δ’

92 2482 276 2574 ἐναντίωςῆ
292 2490 458 2570 ἐλπίζομεν
475 2489 624 2575 οἰποβαίη,
639 2486 739 2576 αύτῆν
751 2493 828 2576 γοῦν
845 2495 881 2558 ἐν
893 2491 1052 2580 οἰσφαλείρι
1067 2484 1178 2557 εἶναι.”
1277 2542 1279 2554 .

97 2587 228 2666 Τούτοις
242 2594 309 2661 τοῖς
324 2584 427 2670 λύγοις
440 2584 483 2663 ὥς
498 2592 600 2663 καλῶς
617 2586 744 2672 ἔχουσιν
758 2588 1034 2676 ἐπιψηφισάμενος
1047 2588 1066 2653 ὅ
1081 2596 1203 2672 βασι-(ς

94 2686 164 2763 λεύς
179 2687 241 2753 σύν
260 2696 325 2763 τοῖς
340 2678 455 2767 ἄλλοις,
476 2688 659 2753 ἐσκέπτοντο
684 2687 759 2776 περί
776 2692 835 2754 τού
854 2686 930 2753 πότε
950 2687 1005 2753 καί
1021 2683 1105 2764 ύπιος
1122 2686 1180 2773 τὴν

94 2780 297 2873 διαχώρησιν
315 2785 380 2873 χρηι
402 2778 573 2852 ποιεῖσθαι.
617 2786 753 2874 δρῶντες
774 2786 884 2853 δὲκαὶ
903 2785 979 2865 τούς
998 2788 1179 2863 ἐπιλοίπους

98 2937 226 3001 mittatur,
249 2938 365 2991 alterum
382 2956 398 2990 e
413 2934 521 2991 duobaa
535 2954 676 3007 cogemur3
703 2945 750 2989 aut
768 2940 899 2992 uxoribus
916 2942 1020 2993 relictis
1037 2958 1118 3010 porro
1136 2940 1181 2991 iu-

96 3024 170 3127 qqre,
188 3008 266 3079 qnorl
280 3025 330 3059 uos
348 3008 522 3071 timiditatis,
541 3008 673 3078 ignaviae,
696 3008 865 3072 dementiae,
882 3012 1042 3062 temeritatis
1057 3011 1182 3062 crimini-

131 3096 144 3129 s
163 3078 327 3141 maculabit,
345 3086 375 3131 ut
394 3080 533 3141 omittam,
552 3077 627 3148 quod
642 3078 810 3148 imperatrici
824 3078 964 3131 dedecoris
987 3087 1111 3131 auctores
1126 3079 1182 3129 eri-

96 3164 168 3211 mus,
189 3166 263 3219 quae
282 3164 331 3215 pro
347 3151 453 3216 captiva
471 3147 634 3215 abducetur3
663 3156 711 3199 aut
729 3148 912 3215 imperatricis
927 3165 1007 3201 causa
1023 3149 1104 3218 pauci
1122 3164 1183 3199 eum

98 3220 181 3270 multo
201 3218 327 3287 pluribus
359 3216 437 3270 edem
454 3220 625 3271 conservantes
639 3218 772 3271 interfici:
790 3236 906 3289 quoram
923 3217 1055 3271 utrumvis
1072 3219 1181 3287 eligere,

98 3288 277 3357 apruclentia
304 3236 434 3340 abborrct
457 3290 611 3357 plurimum.
647 3289 789 3340 Praeterea
813 3305 907 3360 neque
929 3288 965 3341 αδ
983 3307 1051 3359 quos
1070 3289 1181 3357 proiici-

100 3362 210 3422 scimur,
234 3366 406 3413 constantem
423 3376 484 3427 erga
502 3376 553 3410 nos
574 3358 655 3411 iidem
674 3366 779 3427 gerunt
815 3358 899 3427 Quod
919 3376 980 3412 cum
999 3360 1039 3411 ita
1056 3361 1108 3420 ait,
1125 3375 1181 3411 non

98 3428 291 3492 cunctandum,
322 3446 412 3499 ueque
434 3430 573 3497 aequabili
597 3436 625 3479 et
643 3429 717 3480 lento
736 3444 816 3498 passu
841 3428 943 3480 bonum
959 3437 1067 3498 tempus
1086 3437 1182 3480 conte-

99 3499 223 3553 rendum:
252 3499 301 3551 sed
321 3502 403 3551 enixe
422 3508 450 3551 et
468 3500 616 3553 accelerate
637 3496 718 3567 gradu
737 3497 933 3551 ambulandum
951 3508 1008 3562 est,
1031 3516 1079 3561 ne,
1104 3508 1184 3551 ante·

98 3586 178 3638 quam
200 3569 401 3638 perveniamus,
428 3569 533 3620 incolae
555 3566 672 3619 adventu
690 3578 783 3621 nostro
798 3578 957 3637 praecepto,
980 3568 1103 3620 unanimi
1121 3585 1182 3620 cou-

98 3656 177 3689 κατα
208 3639 276 3691 arbe
300 3657 351 3691 uos
374 3646 484 3691 arceant
509 3638 676 3708 reliquisque
704 3638 818 3690 urbibus
843 3637 879 3689 εδ
901 3639 1018 3691 similem
1040 3638 1182 3689 audaciam

99 3709 224 3777 exemplo
244 3727 293 3761 suo
312 3718 456 3779 praeeant:
483 3706 532 3759 sesi
549 3716 581 3759 ut
606 3708 717 3777 ipsimet
734 3708 862 3761 nuntium
881 3708 1011 3761 adventus
1027 3710 1113 3761 nostri
1131 3724 1181 3775 ap-

98 3788 236 3847 portemus
268 3778 419 3851 urbemque
446 3794 617 3847 occupemur.
652 3775 724 3829 lund
752 3779 865 3845 iusuper
886 3779 1050 3847 imperatrici
1074 3777 1109 3829 ad
1132 3795 1181 3829 co-

98 3848 246 3901 mirandam
265 3850 383 3901 virorum
410 3850 501 3918 iirgam
522 3865 579 3899 non
603 3848 657 3899 leri
675 3848 871 3917 impedimento
890 3858 948 3911 est,
975 3848 1050 3921 quod
1072 3856 1181 3900 uterum

100 3918 157 3971 sere
195 3919 241 3971 Ob
265 3918 336 3971 baec
363 3918 454 3972 omnin
481 3934 598 3988 aequum
616 3916 724 3980 iudico,
752 3916 848 3968 utilia
865 3936 894 3970 se
913 3936 966 3970 nou
983 3926 1103 3970 moveat:
1118 3934 1181 3977 ,not

99 3996 189 4041 autera
211 3990 350 4042 fortunam
376 3988 531 4041 subeamus:
558 3996 600 4049 et,
629 3988 652 4037 si
676 3986 787 4056 quidem
811 4004 867 4051 res,
893 3990 952 4041 lieo
977 3988 1048 4041 bene
1061 3988 1179 4050 iuvante,

99 4060 128 4111 sal
147 4061 320 4113 voluntatem
339 4059 462 4123 fluxerit,
479 4068 537 4111 tum
552 4060 604 4111 iam
618 4056 677 4126 ipra
697 4073 807 4127 quoque
821 4074 855 4109 eo
869 4068 1029 4121 accersatur,
1047 4057 1096 4109 ubi
1113 4074 1193 4118 con-¹

99 4130 142 4180 iar
167 4130 268 4197 iucrit3
294 4131 339 4181 siu
364 4146 456 4190 secus,
484 4130 543 4197 ipss
568 4128 662 4180 saltem
689 4144 782 4179 secura
804 4126 891 4198 elegat.
927 4130 976 4180 llic
993 4136 1025 4180 nt
1044 4128 1180 4196 praeclare

99 4198 192 4263 dictis,
219 4201 374 4268 imperatur
393 4206 423 4249 et
442 4198 540 4267 reliqui
565 4200 751 4267 suffragantes,
784 4197 894 4267 quaudo
926 4216 1015 4269 quoae
1037 4206 1115 4264 pacto
1135 4212 1179 4246 sc-

99 4268 241 4335 tcalerent,
269 4266 532 4338 circumspiciebant.
576 4266 702 4321 Ceterum
719 4284 779 4319 cum
798 4267 995 4337 perspicerent,
1014 4268 1094 4319 etiam
1111 4263 1180 4318 reli-
