3025 4900
265 313 324 414 46
622 399 625 408 Α
655 332 967 402 enanacuznnu

105 509 138 564 Α.
147 505 176 565 c.
186 507 255 564 1320
263 501 311 582 τῷ
330 498 389 585 νέῳ
413 496 690 584 προόθυμήθήμεν
699 501 838 584 βασιλεῖ,
861 498 1061 587 ἀδικουμένῳ
1075 523 1110 564 τε
1129 500 1206 586 περὶ
1221 500 1278 586 τήν
1297 499 1358 588 ἀρ-

264 597 325 684 χήν
345 598 400 664 καί
427 597 583 663 δεδοικότι
602 599 678 684 περί
700 599 734 665 τό
759 603 826 685 ζῆν.
862 596 980 666 ἀτσιιυν
1001 595 1066 682 οὖν,
1088 603 1135 689 τῷ
1155 603 1215 684 μὲν
1234 601 1292 667 σὺν
1311 604 1360 690 aqi

178 715 209 769 V.
219 714 253 768 26
265 700 377 785 δικαίῳ
399 696 454 784 τήν
478 697 582 791 ἀρχήν
603 703 834 790 κατακτᾶσθαι,
864 699 919 767 τόν
947 705 976 768 δ’
1001 701 1119 778 ἀδίκως
1141 701 1359 789 ἀφαιρεῖσθαι

263 801 319 866 καί
338 799 394 884 τήν
417 801 508 884 ζωήν·
540 801 596 866 καί
619 797 639 864 ά
660 801 735 884 περὶ
755 800 809 867 τόν
836 804 893 868 ἕνα
914 803 1115 886 πραττόντων
1135 796 1265 888 ἑτέρων,
1295 806 1359 868 των

265 903 475 968 ἀτοπωτάτων
489 900 600 978 ἐδόκει,
622 901 741 966 τοῗότων
751 902 964 987 χαλεπώτερα
976 903 1052 986 περί
1062 904 1116 969 τόν
1133 906 1242 988 ἕτερον
1253 906 1378 986 &Eup-b

263 1003 443 1088 γασμένους
460 999 573 1076 αότοδς
592 999 745 1085 ὀφθῆναι,
763 1002 820 1066 aar*
832 1000 941 1087 ὥσπερ
953 1003 987 1068 ἐν
1004 1007 1111 1089 ζυγοῖς
1125 1003 1191 1072 τῶν
1207 1005 1359 1089 πραγμά-

232 1111 327 1168 Ιλτων
343 1105 396 1190 ἀφ’
409 1095 505 1189 ἑτέρῳ
516 1101 608 1186 με’ρει
625 1103 863 1186 βαρυνομένων,
883 1105 937 1170 ἐπὶ
947 1103 1003 1189 τήν
1020 1102 1094 1190 ἴσην
1111 1106 1264 1190 ἀμετρίαν
1278 1104 1359 1190 πρὸς

263 1192 442 1270 τούναντίον
472 1201 584 1281 αδτοδς
605 1205 808 1283 καταπιόσαι,
839 1205 911 1272 δίον
937 1209 992 1272 ἐπὶ
1020 1207 1054 1272 τό
1085 1206 1156 1274 ἴσον
1179 1208 1358 1295 ἀναγαγεῖν.

265 1302 301 1369 οὗ
324 1301 388 1388 μήν
412 1303 486 1369 οὐδὲ
514 1304 549 1370 τό
573 1304 729 1388 δήσαντας
752 1314 926 1393 φρουρεῖν,
958 1310 1014 1372 τοῦ
1043 1307 1127 1388 ἅπαξ
1157 1309 1359 1396 ἡμερώτερον

266 1403 457 1469 ἀποκτεῖναι.
476 1413 541 1482 τοῖς
554 1405 616 1491 γάρ
633 1407 666 1470 ἀν
683 1405 749 1472 ἔθει
763 1410 819 1471 τοῦ
837 1409 1079 1491 θεραπεύεσθαι
1095 1412 1151 1476 καί
1164 1413 1397 1497 δορυφορεῖ-10

216 1565 219 1578 ,
264 1511 354 1584 σθαι,
377 1506 596 1594 φοβερώτερον
607 1510 665 1571 τοῦ
676 1506 861 1587 ἀποθανεῖν,
883 1510 918 1573 τὸ
936 1514 1013 1594 παρ’
1028 1500 1120 1588 άξίαν
1134 1517 1358 1595 κατατραγεῖν.

266 1607 313 1675 διό
335 1609 390 1673 καί
401 1607 513 1672 πολλοὶ
522 1610 586 1678 τῶν
602 1605 809 1690 δμνουμίνων
823 1608 1093 1693 παρὰῬωμαίοις
1104 1609 1359 1698 αὐτοκρατόρων,

158 1713 166 1730 “
262 1711 386 1793 μᾶλλον
409 1707 526 1772 εἵλοντο
551 1707 734 1796 ἀποθανεῖν,
756 1704 776 1792 ἢ
798 1711 911 1789 ζῶντες
931 1711 1073 1793 αἰσχρῶς
1096 1711 1258 1774 δουλεύειν
1281 1709 1360 1775 ἀτυ-

211 1835 214 1852 ’
261 1809 417 1892 χήσαντες
439 1807 514 1890 περί
535 1806 592 1884 τάς
614 1808 733 1891 μάχας·
750 1809 807 1874 κατ’
827 1811 931 1894 χωρίς
944 1812 978 1875 δὲ
994 1811 1123 1889 τούτων,
1142 1810 1178 1876 τό
1195 1808 1285 1893 παρὰ
1297 1813 1360 1875 τῶν

265 1909 418 1997 φυλάκων
433 1907 476 1984 οῖς
489 1907 633 1994 δεσμώτῃ
654 1909 877 1994 προσεχόντων
888 1914 1160 1994 περιυβρίςεσθαι
1180 1911 1235 1975 καί
1252 1912 1397 1984 torio-1⁶

182 2019 210 2075 Ρ.
220 2019 254 2074 32
266 2017 406 2098 ρεῖσθαι,
425 2011 544 2088 ’παντὸς
565 2009 606 2076 ἀν
627 2009 676 2098 εἴη
694 2013 880 2097 πικρότερον
900 2003 1159 2097 δ’δατοςΣτυγός.
1181 2011 1229 2080 ἔτι
1243 2015 1273 2077 δ’
1289 2010 1359 2076 οὐδ’

205 2187 213 2204 l
266 2113 444 2201 ἀσφάλειαν
464 2112 541 2200 ἡμῖν
563 2112 699 2198 παρέχει
716 2111 751 2177 τό
773 2111 932 2197 δήσαντας
955 2120 1121 2201 φρουρεῖν.
1146 2109 1184 2176 ἀν
1200 2113 1262 2197 γάρ
1280 2109 1359 2198 ότρν-

265 2215 366 2300 δήτινι
376 2213 482 2301 τρόπῳ
504 2214 657 2320 δυνήθείή
677 2211 718 2277 τά
741 2211 846 2296 δεσμά
871 2216 1050 2300 διαφυγεῖν,
1070 2210 1149 2295 ὅπερ
1165 2211 1242 2296 ἡμῖν
1256 2213 1360 2296 πρόσ-

264 2337 330 2380 εστι
350 2319 418 2393 νῦν,
446 2314 480 2379 τό
505 2317 672 2388 δοκοῦντας
693 2315 881 2379 ἀδικεῖσθαι
908 2316 1116 2396 καρποῦσθαι
1135 2312 1192 2397 τήν
1209 2311 1361 2384 ἁπάντων

264 2413 400 2497 εὔνοιαν,
412 2416 520 2502 ἐκείνῳ
532 2415 768 2510 περιστήσεται,
781 2415 836 2481 καί
849 2415 1067 2502 σφοδρότερον
1078 2414 1261 2498 πολεμήσει,
1274 2435 1400 2497 σεεμ-νο

261 2523 380 2604 μάχαις
394 2520 573 2604 προθόμοις
587 2517 643 2581 καί
656 2522 722 2593 τοῖς
740 2519 914 2602 περιοίκοις
923 2516 1105 2600 βαρβάροις
1123 2517 1178 2579 καί
1188 2512 1362 2596 Ῥωμαίοις

260 2622 435 2705 χριόμενος.
464 2616 516 2683 διε
542 2617 649 2684 τοίνυν
669 2618 705 2681 τό
728 2618 788 2701 μὲν
811 2616 994 2681 ἀποκτεῖναι
1013 2614 1200 2698 ἀλαστόρων
1226 2616 1282 2680 καί
1305 2614 1361 2679 άν-

264 2720 431 2807 δροφόνων
444 2718 607 2801 δαιτιμιάν
624 2716 661 2782 οό
674 2717 773 2801 μόνον
790 2715 875 2801 ήμῖν,
899 2712 981 2779 ἀλλά
1000 2716 1056 2782 καί
1072 2716 1185 2781 παισίν
1195 2713 1362 2801 ήμετέροις

264 2902 361 2954 atitiam
382 2906 513 2967 reapectu,
533 2900 678 2952 studiosius
699 2900 731 2953 ad
754 2898 939 2966 opitulandum
961 2900 986 2951 ei
1006 2897 1186 2962 incubuimus,
1210 2899 1257 2967 qui
1282 2904 1308 2949 et
1326 2898 1361 2951 da

263 2975 380 3041 imperio
400 2979 426 3024 et
451 2972 485 3023 de
513 2972 569 3022 vita
594 2971 739 3023 laboraret.
778 2970 926 3023 Absurdnm
952 2977 995 3023 eat
1014 2972 1106 3035 igitur,
1131 2971 1194 3021 buin
1215 2972 1285 3021 iuste
1309 2970 1362 3021 ina·

263 3046 366 3113 perium
394 3045 544 3107 vindicare,
572 3041 614 3094 ilii
639 3045 739 3094 iniusta
771 3045 848 3094 etiam
879 3044 960 3093 vitam
988 3043 1106 3108 eripere,
1126 3048 1153 3094 et
1177 3056 1260 3109 quae,
1285 3042 1308 3093 ai
1332 3043 1361 3092 in

263 3116 344 3169 alium
365 3117 571 3181 designarentur
589 3112 621 3165 nb
641 3114 712 3178 aliia,
731 3112 918 3165 erudelissima
938 3114 1106 3173 duceremua,
1133 3113 1168 3163 iia
1187 3111 1271 3162 muitn
1297 3126 1363 3163 ean·

263 3188 368 3241 deiiura
390 3201 439 3238 noa
461 3188 534 3253 ipaoa
555 3187 582 3236 in
603 3187 791 3252 imperatorem
813 3184 978 3235 machinatos
997 3185 1102 3235 videri:
1123 3183 1236 3236 etveiut
1254 3185 1281 3235 in
1301 3188 1361 3235 trn·

234 3256 328 3321 'tina‚
353 3258 433 3310 rebus
458 3260 485 3309 in
504 3272 556 3308 nna
582 3256 659 3307 lance
687 3255 908 3323 devergenribm,
937 3255 971 3306 ad
997 3254 1113 3306 aimiiean
1140 3254 1361 3323 inaequalitatem

263 3344 296 3381 ex
317 3330 548 3401 contrariatparte
569 3327 676 3378 aiteram
697 3326 801 3377 lancem
828 3327 990 3393 deprimere,
1020 3342 1079 3377 cum
1100 3325 1189 3377 anubaa
1217 3328 1308 3393 potina
1326 3326 1361 3379 ad

263 3398 452 3469 aequilibrium
474 3392 638 3465 componere
657 3397 810 3450 debeamus.
847 3396 903 3449 Nec
923 3413 988 3448 vero
1008 3399 1098 3449 mitius
1124 3413 1184 3451 eum
1204 3396 1361 3449 habebimus

199 3496 208 3511 ·
262 3474 284 3524 ai
311 3472 427 3523 vinctum
455 3474 483 3523 in
509 3471 655 3522 custodiam
682 3468 834 3530 trudemus,
865 3484 943 3538 quam
974 3469 997 3520 ai
1023 3469 1105 3520 aemei
1135 3468 1360 3534 iupniaverimna.

262 3542 313 3607 Qui
334 3544 404 3592 enim
426 3548 475 3591 tam
488 3542 611 3593 officinae
631 3540 695 3605 coli,
719 3539 1021 3608 satellitinqueaemper
1039 3541 1133 3607 stipari
1146 3546 1359 3602 consueverunt,

262 3617 296 3667 iia
315 3614 445 3680 dignitate
463 3628 510 3664 ιιιιι
530 3612 617 3664 orbari
638 3620 717 3681 atque
745 3613 776 3663 ad
802 3613 934 3672 miseriam
961 3612 1077 3675 detrudi,
1103 3618 1187 3662 morte
1213 3613 1272 3678 ipsa
1294 3612 1362 3663 bor·

263 3684 370 3738 ribiiiua
392 3689 440 3735 eat·
480 3682 547 3735 Hine
573 3682 663 3751 piures
682 3685 869 3736 dtumdnerum
889 3685 1075 3749 imperatores,
1104 3698 1216 3751 quorum
1244 3682 1360 3735 celebria

263 3763 304 3809 eat
320 3756 390 3823 apud
407 3761 527 3821 posterna
546 3758 681 3818 memoria,
700 3755 812 3822 praeiiia
831 3756 872 3805 nai
891 3754 1022 3819 advenis,
1040 3756 1119 3817 mori,
1139 3769 1215 3822 quam
1236 3757 1294 3806 viui
1314 3757 1361 3807 in·

263 3828 347 3896 digne
359 3825 629 3879 serviremaiuerunt.
649 3824 790 3879 Praeterea
805 3826 1000 3891 acuatndibua‚
1018 3833 1047 3877 nt
1064 3826 1096 3877 ad
1112 3828 1230 3876 vinctum
1242 3828 1360 3891 attentis,

261 3899 360 3967 probra
368 3907 394 3950 et
403 3896 578 3949 contumelias
590 3899 705 3965 perpeti,
716 3900 811 3965 quavis
822 3914 890 3968 aqna
899 3898 989 3967 Stygia
1000 3900 1103 3949 cruciat
1112 3899 1236 3948 aurarius.
1248 3895 1361 3949 iiueac-

262 3971 344 4033 cedit,
356 3971 428 4038 qnod
440 3970 687 4035 nequeaacuriorea
696 3973 804 4034 erimus,
818 3972 840 4021 ai
852 3986 911 4021 aum
922 3970 1024 4021 carceri
1036 3970 1255 4021 mandaverimus.
1272 3968 1361 4036 Quip-

263 4058 297 4110 pe
317 4043 338 4092 ai
356 4046 411 4093 arte
422 4041 514 4109 aliqua
525 4041 589 4092 inde
609 4039 715 4107 eiapana
736 4043 826 4106 inerit,
837 4043 910 4111 quod
924 4042 1007 4093 bodie
1019 4040 1127 4093 abunde
1137 4041 1214 4091 datur
1224 4040 1313 4103 nubis,
1324 4048 1361 4106 ut,

263 4128 323 4166 eum
343 4114 438 4181 inique
459 4110 598 4163 nobiscnm
619 4113 742 4163 videatur
758 4109 854 4177 actum,
874 4114 991 4164 omnium
1011 4114 1107 4164 favore
1124 4110 1362 4164 acbenevoientia

245 4186 440 4254 perfruamur,
456 4189 519 4235 tunc
538 4183 580 4235 iiii
600 4182 713 4248 dabitur,
733 4192 760 4235 et
780 4186 880 4237 vicinia
904 4183 1024 4235 barbaris
1042 4182 1223 4250 {inmaniaque
1242 4184 1361 4252 impigra

263 4256 461 4319 adiuvantibus,
487 4256 628 4309 infestiore
653 4256 680 4307 in
709 4270 759 4307 noa
786 4255 869 4307 biartn
893 4256 1035 4324 pugnabit,
1071 4254 1139 4319 Quia
1163 4254 1248 4318 igitur
1266 4271 1282 4307 ε
1300 4270 1361 4308 nae·

264 4329 309 4380 din
329 4328 428 4381 toliere
445 4329 633 4395 imperatorem
664 4326 742 4381 nebia
776 4327 927 4397 iiberiequa
957 4328 1056 4380 nentria
1083 4326 1250 4379 nefariorum
1277 4334 1359 4396 atque
