3025 4900
477 281 761 355 msronrsuurr
790 291 816 353 1.
844 296 896 368 29.
1143 269 1222 386 139

138 437 260 502 πόλεων
273 435 388 501 assa*
403 433 447 514 ιδς
459 439 522 504 τῶν
530 440 589 520 μέν
600 440 754 527 οἷπωτέρω
765 441 824 528 τήν
834 445 894 526 μὲν
903 443 1023 532 βλάβην
1034 423 1150 532 ἥσσονα
1162 475 1224 514 πα·
1232 451 1293 512 Μ’.
1304 429 1370 514 rias

137 537 331 622 ρεχομέοων,
349 534 589 622 εδαλωτοτέρων
600 541 645 610 δέ
662 542 726 605 τῶν
739 542 775 604 δὲ
787 540 865 622 μετά
877 547 937 608 τοῦ
948 546 1067 627 μᾶλλον
1077 543 1227 628 βλάπτειν

138 631 197 695 καί
212 632 457 717 καρτερωτάτων
474 631 536 700 οἷπό
556 660 592 700 τε
607 640 662 722 τῆς
679 641 742 702 τῶν
759 641 875 722 τειχοδν
888 645 1082 728 κατασκευῆς
1100 643 1156 708 καί
1169 649 1228 733 τῆς

137 729 411 814 έγκαθιδρομέιης
427 731 589 815 δυνάμεως
606 735 718 801 οδσοῖν.
739 735 841 827 έδᾷκει
858 737 897 823 δι’]
916 741 971 804 ἔπε’
992 734 1105 828 Ἀπροο
1121 747 1226 810 ἐλθεῖν

115 832 276 919 5πριιῑτον.
297 829 353 894 καί
372 825 502 916 ἄραντες
521 835 556 898 ἐκ
575 834 824 918 Διδομοτείχοο,
846 837 916 903 ἐπεὶ
930 837 1032 904 πάντα
1053 843 1226 926 παρεσκεά-

137 947 230 1005 αοτο,
251 929 306 991 καί
322 925 401 1012 πρδς
419 927 454 993 τά
470 929 701 1018 μισθοφορικὸν
715 930 752 996 τά
768 938 900 1020 χρυσίον
919 936 1105 1024 διενεμήθη,
1126 933 1224 1024 ἦλθον
1231 949 1302 1014 Ρ.87

137 1025 196 1087 ἐπὶ
210 1015 342 1109 Ἆπρω.
368 1031 727 1114 στρατοπεδευσαμένων
744 1033 779 1097 δὲ
799 1035 877 1116 ἐκεῖ,
897 1035 1027 1117 πέμψας
1044 1033 1061 1100 δ
1079 1035 1227 1120 βασιλεάς

136 1116 298 1207 ἦσπάζετο
317 1122 390 1200 τούς
410 1124 464 1190 ἐπὶ
481 1128 544 1192 τῶν
563 1131 692 1211 τειχοῖν,
713 1127 768 1194 καί
782 1129 862 1218 πρὸς
875 1129 909 1196 τά
925 1131 1029 1218 μάχης
1046 1135 1149 1220 χωρίς
1166 1135 1230 1200 αδ-“

137 1224 187 1307 τῷ
202 1219 358 1308 ἐπεχείρει
376 1225 588 1309 παραδιδόναι
606 1224 642 1291 τὸ
658 1225 799 1311 πόλισμα
821 1228 959 1313 πείθειν,
991 1225 1063 1296 οὔτε
1085 1235 1224 1322 ἡμαρτη-

90 1329 234 1389 ιοκέοαι
252 1325 381 1412 φάσκων
398 1323 512 1403 αάτοάς
525 1323 634 1412 οάδέν,
663 1322 735 1394 οὔτε
755 1327 852 1395 atris
867 1328 1051 1413 ὀργίζεσθαι
1070 1331 1148 1418 πρὸς
1166 1333 1226 1397 αιδ-
1311 1353 1313 1358 ’

137 1421 234 1506 τούς,
255 1423 336 1488 άλλά
353 1422 410 1509 τὴν
428 1428 531 1490 αι’τίαν
547 1431 604 1512 τῆς
627 1428 824 1504 άποστασίαᾳ
842 1429 896 1496 ἐπὶ
909 1427 963 1494 τὸν
983 1432 1038 1519 βίᾳ
1053 1431 1224 1513 κατασχόν-

138 1547 200 1604 τα,
229 1521 286 1585 οὐκ
305 1523 353 1586 ἐπ’
372 1522 490 1599 αδτοάς
507 1521 588 1590 εἶναι
604 1524 679 1601 τούς
694 1520 963 1611 ἦναγκασμένοος.
995 1527 1103 1613 διόπερ
1122 1529 1178 1594 καί
1197 1531 1229 1594 εἰ

139 1619 399 1707 προσχωρήσαιεν
416 1618 553 1706 άμαχεδ,
575 1629 703 1700 πολλαῖς
722 1623 919 1713 εδεργεσίαις
937 1627 1126 1710 &pertimeas
1140 1623 1226 1710 εἶναι

141 1721 273 1794 δίκαιος.
297 1719 326 1783 oi
344 1723 375 1784 δ’
394 1721 450 1788 ε’πί
465 1725 521 1786 τοῦ
535 1724 659 1805 τείχεος
677 1721 780 1798 εάθάς
809 1725 876 1788 οὐδ’
892 1719 984 1800 ὅλους
1000 1725 1227 1806 διαμείναντες

95 1813 276 1886 &iromus
295 1817 370 1892 τούς
385 1817 471 1904 παρά
485 1823 639 1902 βασιλέως
654 1818 781 1905 λόγους,
817 1823 919 1898 κακῶς
936 1846 971 1886 τε
986 1820 1125 1907 ἔφασκον
1139 1817 1226 1912 ἥκειν

139 1912 256 1998 αὐτὸν,
294 1919 349 1981 καί
363 1913 438 1994 roric
455 1912 575 2002 άπάτης
592 1921 744 2002 γέμοντας
767 1905 918 1985 τουτουσί
938 1917 1050 2002 λόγους
1071 1919 1129 1983 oris
1145 1921 1226 1985 ἐκεί-

138 2037 224 2096 νοις,
251 2005 323 2078 sire
348 2016 521 2080 δεδοικόσιν
538 2008 609 2082 οὔτε
625 2015 704 2103 πρὸς
721 2016 842 2103 ἀπάτην
863 2011 951 2083 οάσιν
968 2016 1123 2101 εδκόλσις,
1153 2017 1248 2083 uiil’li
1306 2045 1309 2054 ·

138 2107 260 2199 ἑτέροις
274 2117 393 2195 μᾶλλον
413 2111 581 2200 προσήκειν
604 2120 715 2199 λέγειν·
742 2115 836 2181 edroi
853 2119 886 2184 δὲ
904 2121 947 2206 τῷ
964 2141 998 2183 τε
1013 2115 1227 2182 πεπιστεοκδτι

138 2209 201 2297 τὴν
218 2215 323 2276 πίστιν
339 2210 501 2298 τηρήσειν,
534 2211 590 2278 καί
602 2211 638 2279 τά
657 2211 809 2303 φρούριον
834 2215 985 2301 φυλάξειν
1004 2217 1171 2302 άσφαλῶς.
1207 2207 1226 2280 δ

93 2307 291 2392 ποβασιλεάς
309 2311 338 2373 δ’
359 2302 455 2388 αὖθις
471 2313 599 2394 πέμψας
613 2306 757 2398 ἑτέρους,
777 2309 823 2399 μὴ
841 2311 876 2378 ro*
897 2318 1000 2390 κακῶς
1019 2319 1134 2378 παθεῖν
1148 2313 1233 2380 uus?

138 2409 307 2495 εβοάλεοεν
324 2403 453 2474 ἑλέσθαι
462 2411 634 2491 pellicei}
654 2409 821 2495 άβοολίας,
852 2408 922 2478 irie
942 2409 1002 2490 ἔξω
1018 2435 1053 2477 τε
1074 2412 1224 2481 κινδύνων

135 2504 224 2574 εἶναι
243 2508 300 2572 καί
314 2512 428 2572 παθεῖν
444 2499 482 2572 τά
491 2558 499 2573 .
533 2512 597 2572 τάν
612 2510 648 2576 δὲ
664 2509 853 2596 ὑβριστικῶς
873 2512 1147 2599 ἀποκριναμένων,
1167 2509 1223 2577 καὶ

136 2608 245 2682 λίθοις
260 2606 316 2669 καί
328 2608 433 2689 βέλεσι
448 2604 522 2682 τούς
539 2608 789 2690 α’πεσταλμὲνοος
804 2606 973 2693 deridetur,
995 2607 1099 2696 ἓτερόν
1114 2633 1147 2672 τε
1161 2634 1224 2693 μη-

138 2707 219 2769 δένα
247 2700 324 2790 πρὸς
336 2702 465 2782 :adroic
491 2700 577 2790 ἥκειν
593 2710 881 2794 παραγγειλάντων,
916 2708 961 2785 οἷς
979 2705 1076 2773 αάτδν
1097 2708 1224 2773 duone-

96 2800 289 2886 οόνοάντων,
308 2801 379 2869 ἐπεὶ
391 2804 436 2890 μὴ
453 2801 554 2889 λόγοις
576 2800 660 2896 ἑώρα
680 2810 802 2875 πείθειν
821 2805 952 2887 δυνατὸς
966 2800 1012 2873 oie
1033 2802 1224 2890 ὅβασιλεδς,

139 3011 175 3059 et
200 3006 261 3073 capi
283 3004 390 3058 facilius
411 3012 538 3076 possent,
570 3005 636 3058 illae
654 3012 683 3059 et
698 3006 760 3076 plus
787 3012 931 3069 nocerent,
958 3012 1064 3059 etcum
1090 3012 1225 3059 structura

140 3076 303 3139 moenium,
330 3085 389 3129 tum
404 3077 517 3129 militari
537 3077 611 3128 intus
638 3078 776 3147 praesidio
801 3085 891 3129 essent
914 3076 1107 3136 validissimae,
1142 3076 1225 3129 Stetit

139 3148 298 3208 sententia,
316 3148 393 3215 prius
411 3148 496 3217 Apros
515 3140 717 3216 aggrediendus.
752 3150 853 3201 Paratis
873 3146 1000 3200 omnibus
1019 3156 1047 3199 et
1063 3148 1179 3217 pecunia
1193 3146 1225 3199 in

141 3214 284 3283 stipendia
302 3226 459 3281 numerata,
476 3216 669 3283 Didymotieho
689 3220 755 3270 illuc
772 3227 893 3271 movent:
919 3218 968 3269 ubi
984 3218 1077 3270 castris
1101 3232 1225 3269 commu·

141 3285 230 3346 uitis,
249 3286 453 3339 caduceatorem
467 3287 552 3339 mittit
567 3288 727 3356 imperator,
747 3292 794 3359 qui
819 3307 867 3358 pro
886 3290 970 3341 muris
989 3296 1089 3339 stames
1117 3287 1224 3349 salutet,

143 3354 225 3405 etad
246 3355 341 3409 urbem
356 3358 416 3410 sine
433 3356 609 3409 dimicetione
628 3356 778 3409 dedendam
792 3358 930 3427 impellet,
950 3359 1086 3428 dicetque,
1104 3373 1160 3407 non
1176 3374 1224 3408 eos

143 3422 297 3489 deliquisse
314 3426 484 3497 quidquam,
503 3444 554 3479 neo
567 3429 756 3497 imperatorem
775 3430 840 3497 ipsis
858 3428 952 3480 irasci:
981 3425 1029 3479 sed
1047 3428 1152 3497 eulpam
1175 3425 1225 3479 de·

143 3494 276 3546 sectionis
286 3513 369 3562 penes
387 3515 450 3550 eum
466 3514 545 3560 esse,
564 3498 612 3567 qui
626 3498 740 3549 deficere
755 3500 896 3568 cotglsset,
914 3516 970 3549 non
987 3512 1069 3565 penes
1089 3497 1160 3559 illos,
1175 3496 1224 3566 qul

144 3565 233 3615 eoacti
252 3565 375 3618 luissent
412 3567 595 3635 Quamobrem
611 3568 642 3629 si,
656 3570 752 3636 positis
772 3571 860 3631 armis,
887 3566 921 3619 ad
945 3566 1028 3619 fidem
1049 3566 1224 3636 officiumque
1270 3632 1273 3638 Ι

143 3634 288 3697 redirent,
307 3637 393 3687 multa
407 3636 540 3692 beneficia
556 3641 758 3705 promerituros.
793 3639 829 3691 At
844 3636 916 3690 enim
933 3639 1024 3707 quiin
1041 3637 1123 3689 muris
1138 3624 1224 3699 orani,

143 3722 183 3755 ne
199 3712 286 3755 toturn
303 3706 424 3775 quidem,
442 3708 517 3776 quod
536 3707 686 3771 dicebatur,
702 3708 797 3760 audire
816 3707 988 3770 sustinentes,
1002 3708 1117 3777 maligue
1134 3707 1224 3776 ipsum

142 3776 242 3825 venire
257 3776 472 3841 succlamabant,
487 3784 515 3829 et
530 3778 691 3829 cantilenam
707 3780 794 3830 istanc
807 3796 864 3831 uon
880 3776 948 3839 sibi,
974 3778 1021 3861 qui
1040 3777 1114 3829 omni
1133 3782 1225 3828 essent

145 3853 273 3912 expertes
287 3854 362 3896 metu
378 3860 430 3898 nec
443 3848 514 3899 dolis
526 3846 620 3899 deludi
638 3848 719 3901 facile
733 3856 852 3917 possent,
873 3847 920 3899 sed
941 3848 1000 3899 alirs
1018 3848 1109 3915 potius
1124 3845 1225 3898 debere

143 3914 289 3967 occinere:
308 3933 337 3967 se
352 3917 480 3970 creditori
497 3934 545 3969 suo
566 3918 648 3969 fidem
659 3928 688 3970 et
709 3917 839 3989 oppidum
855 3925 913 3969 tuto
931 3925 1087 3969 servaturos.
1124 3917 1226 3967 iterato

145 3986 298 4037 mittuntur
316 3987 385 4051 alii,
410 3990 458 4058 qui
479 3986 623 4053 suadeant,
648 4004 684 4041 ne
709 3988 823 4039 consilio
845 3987 915 4039 malo
938 4003 1075 4059 pravoque
1094 3986 1226 4038 maleficia

145 4070 231 4123 quarn
245 4053 398 4119 beneficia,
415 4074 475 4109 curn
487 4060 606 4127 possint,
624 4060 741 4128 experiri
759 4060 862 4109 malint
899 4056 1006 4129 Quibus
1032 4055 1226 4109 contumeliose

144 4125 399 4194 respondentibus,
415 4126 607 4201 lapidibusque
621 4138 649 4180 et
669 4130 764 4181 iaculis
779 4128 968 4182 caduceatores
981 4126 1182 4196 appetentibus,
1195 4140 1227 4175 ae

143 4192 181 4251 de
199 4202 292 4253 oetaeeu
306 4214 471 4270 qrsemquom
485 4196 519 4250 ad
533 4214 562 4254 oe
578 4199 652 4253 mitti
673 4198 842 4265 vetantibus,
870 4200 924 4254 uisi
949 4212 1011 4253 eum
1030 4197 1147 4251 occisum
1167 4192 1226 4249 vel-
1302 4257 1308 4269 .
