3025 4900
341 378 383 437 vt
734 373 1040 437 reteneamus.

262 570 265 578 ⁴
342 558 434 608 nam
466 529 640 620 adhibet,
674 533 728 607 ita
758 549 805 606 ut
835 532 1039 610 maximam
1072 549 1220 637 partem
1244 531 1421 608 emenda-

341 653 494 730 tionum
519 678 651 729 aarum
685 655 728 728 in
754 674 860 731 textu
883 680 1068 760 reponere
1092 680 1173 729 non
1197 651 1420 729 dubitarim.

343 775 432 871 Quo
458 777 575 878 magis
599 773 811 860 dolendum
835 797 905 868 est,
940 778 1135 852 uberiores
1157 776 1238 850 eius
1260 794 1422 851 annota-

342 897 480 988 tiones,
503 897 553 972 ad
577 923 671 1000 qius
693 898 874 974 lectorem
895 927 933 1002 p.
964 901 1096 1000 177.e
1118 897 1296 988 remittit,
1320 925 1424 973 nun-

342 1045 462 1120 quam
495 1019 539 1096 in
575 1021 700 1094 lucem
724 1018 909 1122 prodisse,
944 1045 1070 1123 neque
1101 1019 1262 1096 omnino
1291 1019 1341 1094 ab
1374 1045 1421 1094 eo

343 1160 490 1219 tentam
514 1141 557 1217 in
581 1141 854 1245 posterioribus
882 1143 1132 1218 Cantacuaeni
1152 1140 1263 1218 libris
1286 1167 1421 1216 curam

341 1265 504 1372 positam
528 1287 620 1354 esse,
646 1260 796 1366 quanta·
819 1263 861 1337 in
886 1241 1110 1366 castigandis
1133 1263 1328 1367 prioribus
1345 1262 1422 1378 ela-

341 1387 492 1476 borasse
517 1385 725 1464 censendus
749 1405 813 1486 est,
863 1387 1110 1489 Quamquam
1130 1385 1190 1460 vel
1214 1385 1261 1460 in·
1277 1384 1338 1458 his
1362 1385 1422 1488 ip-

342 1509 391 1592 sis
414 1510 526 1614 plura
551 1506 702 1598 inveni,
742 1532 842 1609 quae
873 1533 963 1582 eum
988 1505 1186 1584 manifesto
1217 1505 1423 1611 depravata

342 1648 463 1706 essent
485 1647 525 1705 et
547 1633 687 1734 corrigi
704 1650 919 1737 poscerent,
945 1631 1012 1706 ille
1036 1657 1115 1706 non
1134 1628 1423 1713 animadvertit,

343 1771 412 1834 aut
434 1753 765 1833 animadversam
789 1755 960 1847 tentavit,
987 1774 1033 1831 ut
1050 1754 1248 1829 veritatem
1264 1755 1425 1859 scripto-

344 1876 473 1980 risque
489 1905 650 1966 manum
672 1879 848 1956 nondum
862 1898 1050 1956 meeum
1062 1876 1266 1954 videretur·
1285 1882 1425 1982 Itaque
1479 1963 1482 1970 ,

344 2001 424 2106 ipse
439 2001 669 2078 emendandi
685 1999 850 2081 subinde
865 2005 1082 2108 perieulum
1097 2001 1191 2092 feei,
1214 2018 1253 2075 et
1269 2001 1427 2102 siquan-

344 2121 394 2200 do
415 2124 573 2200 meliora
598 2151 643 2201 ae
669 2127 757 2202 satis
782 2145 884 2204 oerta
907 2143 1162 2231 suppeterent,
1187 2147 1230 2196 ea
1252 2122 1424 2199 breviter

344 2246 522 2328 indicavi.
571 2249 709 2325 Codice
733 2237 823 2326 usus
845 2277 931 2327 sum
954 2251 1086 2326 nullo:
1111 2245 1298 2324 eiusmodi
1314 2273 1426 2351 prae-

344 2366 431 2453 sidii
457 2369 540 2444 loeo
563 2372 775 2447 versionem
787 2359 951 2448 Pontani
976 2372 1117 2467 babui;
1143 2370 1289 2477 inspexi
1308 2359 1427 2448 etiam

345 2491 558 2587 interdum,
599 2520 670 2571 neo
704 2494 747 2570 id
766 2496 852 2590 sine
876 2521 1012 2602 operae
1036 2496 1189 2588 fructu,
1215 2492 1425 2573 editionem

344 2616 533 2693 Venetam
562 2644 593 2693 a.
625 2619 840 2720 1729.f01.,
873 2646 992 2721 quam
1024 2646 1071 2694 ex
1106 2620 1278 2705 Parisino
1302 2647 1426 2695 exem-

345 2739 411 2853 plo
445 2742 713 2847 transcriptam
736 2767 812 2831 esse
835 2731 990 2819 constat.
1047 2744 1103 2817 Ea
1142 2744 1247 2820 enim
1276 2744 1425 2847 aliquot

345 2857 483 2945 menda
501 2862 577 2937 iam
598 2880 765 2937 correcta
779 2863 949 2954 exbibet,
964 2864 1131 2940 aliorum
1146 2884 1274 2945 tamen
1288 2869 1425 2973 passim

345 2982 466 3059 obsita
488 3003 543 3059 est
568 2984 683 3063 turba
707 2985 886 3066 foediore,
947 2987 1128 3091 Denique
1157 2990 1357 3064 nonnullis
1379 2992 1424 3067 in

308 3169 314 3185 ,
345 3104 439 3181 locis
467 3106 820 3192 emendationibus,
853 3133 949 3209 quas
978 3110 1053 3183 Vir
1077 3109 1258 3201 Illustris,
1297 3111 1335 3186 B.
1374 3114 1423 3189 G.

345 3228 603 3316 Niebubrius,
637 3248 693 3319 et,
730 3230 840 3304 cuius
872 3256 980 3304 nune
1003 3232 1135 3307 Bonna
1168 3233 1337 3312 distracti
1364 3237 1425 3311 iu-

345 3348 614 3427 cundissimam
627 3350 851 3427 memoriam
874 3352 940 3427 bie
964 3355 1129 3429 recolere
1152 3358 1276 3452 iuvat,
1303 3364 1423 3437 Henr.

346 3474 574 3564 Grauertus,
609 3473 775 3575 margini
807 3472 1004 3564 editionis,
1038 3504 1116 3579 qua
1148 3500 1259 3574 utor,
1286 3483 1424 3559 adseri.

346 3613 516 3701 pserant,
547 3595 692 3697 egregie
713 3594 893 3672 adiutum
914 3624 976 3674 ma
996 3626 1070 3675 esse
1084 3622 1212 3703 gratus
1228 3607 1421 3709 profiteor.

444 3718 584 3805 Restat,
620 3736 666 3792 ut
691 3718 754 3808 iis,
786 3721 954 3822 quaein
991 3720 1227 3826 praefatione
1259 3730 1422 3803 Pontani

346 3836 394 3911 de
418 3841 678 3914 Cantacuzeno
706 3841 786 3945 ipso
813 3841 970 3945 eiusque
996 3846 1038 3919 in
1062 3845 1286 3922 enarrandis
1310 3848 1424 3922 rebus

348 3961 423 4037 fide
455 3989 499 4037 ae
536 3963 662 4041 studio
685 3965 765 4038 veri
789 3964 878 4039 satis
903 3968 1103 4069 magnifiee
1127 3966 1421 4073 praedicantur,

346 4083 536 4163 iudicium
555 4084 693 4161 addam
710 4085 781 4160 Ed.
799 4087 989 4181 Gibboni,
1007 4091 1051 4165 in
1064 4092 1197 4196 primis
1209 4090 1424 4192 intelligen-

348 4206 396 4281 tis
409 4204 549 4284 barum
566 4235 696 4291 rerum
720 4210 1002 4307 existimatore,
1034 4212 1141 4314 quod
1170 4212 1263 4292 adeo
1287 4240 1421 4294 verum
