3025 4900
437 365 719 434 fflsrontimm
748 371 848 445 rie
1124 345 1205 460 357

130 516 348 604 Πατατούρης,
367 512 480 607 ἔξωροι
498 523 558 603 μὲν
576 513 636 607 ῆδη
651 519 708 598 τάς
722 521 845 606 ἡλικίας
866 513 956 599 ὄντες
975 520 1032 588 καὶ
1045 516 1361 606 'mmmmm

129 641 176 706 νην
195 619 239 704 τῆ
253 611 389 702 Ὀρχάνη
410 622 508 704 πάτρι’
525 617 696 704 ἡλικιῶται,
716 613 840 687 πολλῶν
860 621 896 686 δὲ
909 619 1052 706 ἔμπειροι
1071 623 1216 701 πολέμιον

130 717 188 782 κατ’
205 716 373 799 κινδύνων,
401 715 458 780 οδκ
477 714 602 804 ἔφασαν
620 717 730 794 adroic
751 712 894 802 ἀρέσκειν
914 715 952 784 τά
973 722 1247 801 βεβουλευμένα,λλ

129 805 215 895 otti,
246 810 316 892 ἐξόν
336 807 508 891 ἀκινδύνως
528 817 765 901 ἀποπειρᾶσθαι
783 811 973 899 Ῥωμαάον,
1001 813 1051 882 ἔτι
1070 815 1133 881 sind
1161 845 1221 884 κα·
1311 866 1314 886 .

109 909 302 993 ὄκοβουλόας
322 911 479 994 deotpurc*
496 909 554 998 τῆν
574 914 661 1000 νάκην
682 908 792 991 adroic
811 915 1034 1001 παραδιδόναι.
1054 913 1091 982 τό
1109 915 1169 1002 γάρ
1185 917 1221 982 τὸ

133 1008 344 1094 στρατόπεδον
364 1012 499 1077 ἐκλιπεῖν
531 1011 623 1078 οὐδὲν
641 1003 730 1078 ,άλλο
751 1011 838 1079 ἐστὶν
865 1007 888 1098 ῆ
915 1013 1070 1098 ῆττῆσδαι
1096 1040 1221 1102 προφα-

132 1109 205 1181 νῶς.
231 1106 268 1171 τό
288 1111 348 1191 μὲν
368 1103 425 1174 ούν
443 1107 489 1195 μῆ
510 1105 692 1198 ἀντιστῆναι
712 1109 871 1178 δύνασθαι
889 1109 971 1198 πρός
989 1116 1131 1196 βασιλέα,
1152 1115 1222 1178 οὔδ’

135 1204 228 1270 αδτοί
246 1200 475 1293 άρνηδείημεν,
495 1205 599 1293 εἶπον,
618 1204 676 1293 όν,
707 1207 763 1275 καὶ
781 1209 884 1276 πάντα
902 1212 1023 1292 μᾶλλον
1043 1214 1222 1297 διανοητέον

133 1295 248 1386 ῆκατά
261 1302 362 1387 στόμα
377 1311 602 1398 προσυπακτᾷν
622 1307 809 1390 Ῥωμαίοις.
826 1306 912 1375 τόδὲ
928 1309 1066 1396 φεύγειν,
1088 1309 1223 1394 άνύγκης

91 1398 181 1486 Ιομῆ
201 1405 375 1490 παρούσης,
394 1407 472 1490 μηδ’
491 1407 546 1474 int
563 1408 678 1495 μικρόν
697 1413 887 1474 λυσιτελεῖν.
916 1409 985 1474 ἀλλ’
1007 1404 1067 1474 όσα
1086 1411 1146 1490 μὲν
1167 1432 1224 1472 πε-

138 1497 230 1586 ριττά
259 1505 314 1568 καὶ
339 1500 398 1588 τῆν
428 1497 528 1590 όλλην
557 1509 622 1572 τῶν
649 1508 847 1593 στρατιωτῶν
865 1504 1043 1592 άποσκευῆν
1062 1507 1104 1576 δν,
1117 1507 1224 1593 dopo-

138 1599 208 1686 λείη
227 1601 382 1690 καδιστῆν
403 1593 474 1667 ὅποι
493 1595 534 1668 dr
554 1604 649 1692 δοκῇ,
688 1601 784 1670 αύτόν
803 1606 840 1672 δὲ
872 1605 1008 1692 εύσταλῆ
1028 1605 1085 1671 καὶ
1102 1603 1224 1692 κούρην
1296 1679 1300 1686 ,

140 1693 253 1778 ἔχοντα
273 1694 331 1784 τῆν
351 1697 520 1784 στρατιάν,
540 1699 595 1766 int
612 1704 676 1767 τῶν
695 1697 802 1767 αύτῶν
818 1701 923 1768 τόπων
941 1705 1064 1785 μένειν.
1097 1705 1226 1790 ἐμφανῆ

140 1793 247 1876 μέντοι
264 1798 418 1881 μηδαμῶς
438 1807 537 1865 ποιεῖν
556 1797 614 1884 τῆν
633 1797 798 1888 στρατιάν,
818 1802 888 1868 ἄλλ’
900 1803 937 1867 ἐν
950 1803 1066 1877 νάπαις
1084 1800 1139 1866 καί
1155 1811 1251 1878 ταῖςο

100 1893 267 1962 ιὸκοιλόσο
286 1895 523 1982 κατακρύπτειν,
543 1901 686 1975 ἐπιεικῶς
705 1897 783 1985 πρὸς
802 1902 895 1965 τούτο
915 1897 1039 1983 ἔχοντος
1052 1901 1110 1964 τού
1130 1897 1226 1965 τόπου

140 1986 280 2076 εὐφυῶς.
300 1988 405 2078 ῶσπερ
427 1997 463 2060 δέ
482 2019 571 2072 τινας
590 1995 725 2076 σκοπούς
745 1995 860 2062 ἑκατόν
880 1992 1112 2080 ἀπολεξάμενον
1131 2023 1229 2084 στρα-
1309 2069 1313 2086 Ι

140 2088 264 2172 τιοότας,
285 2093 341 2157 tut
358 2095 420 2159 τῶν
439 2094 543 2162 αύτῶν
564 2093 697 2164 ἑστάναι
712 2095 815 2162 τόπων
833 2092 980 2179 κελεύειν,
1001 2089 1042 2162 ού
1056 2093 1151 2174 αύτός
1166 2123 1226 2160 πα-

143 2187 307 2274 ρετάττετο
327 2193 366 2279 τῇ
385 2197 575 2286 προτεραάρ,
607 2195 663 2259 καὶ
679 2197 710 2260 εἰ
726 2199 787 2278 μὲν
806 2194 956 2278 βασιλεύς
976 2199 1011 2261 δν
1029 2199 1074 2285 τῷ
1095 2217 1230 2280 στρατο-

143 2291 226 2378 πέδιρ
255 2285 412 2374 ἡσυχάζοι
419 2344 428 2377 ,
469 2297 526 2360 και*
554 2291 670 2370 αύτούς
697 2295 836 2391 ἐνταῦθα
864 2291 1057 2381 κρύπτεσθαι
1077 2287 1171 2381 άχρις
1191 2288 1230 2360 ἂν

100 2383 219 2473 κοῆμϊν
239 2391 379 2476 ἐμφανὲς
399 2395 538 2483 καταστῇ
557 2389 634 2480 πρός
653 2387 680 2477 ό,
690 2416 721 2458 τι
751 2393 911 2482 τράπηται
930 2391 1087 2471 κάκεϊνος.
1118 2394 1175 2461 ἐάν
1195 2394 1232 2460 δὲ

146 2486 224 2571 ἡμῖν
244 2489 330 2577 ε’πίη,
357 2494 482 2576 πρῶτον
510 2492 571 2573 μὲν
592 2486 631 2557 ού
654 2491 793 2558 δυνατόν
819 2490 941 2568 αύτούς
964 2492 1044 2557 κατά
1066 2491 1233 2578 πρόσωπον

147 2588 252 2651 ἐλθεῖν
259 2637 271 2668 ,
306 2586 363 2667 τάς
384 2590 565 2677 δυσχωρίας
584 2594 854 2677 παραιτουμένους
883 2592 937 2656 καὶ
961 2588 1019 2667 τάς
1038 2586 1232 2677 ὀχυρότητας

147 2683 205 2760 τάς
224 2686 259 2750 ἐκ
279 2689 341 2753 τῶν
361 2684 483 2754 τόπων.
512 2690 675 2777 ἐμπειρίας
694 2687 755 2775 γάρ
779 2688 864 2757 ἴδιον
887 2693 1093 2776 στρατηγικῆς
1115 2688 1153 2751 οδ
1170 2684 1278 2767 μό-ιγ

147 2805 202 2849 νου
219 2782 276 2871 τῆν
289 2784 441 2874 στρατιάν
460 2785 630 2856 διατάττειν
648 2792 802 2873 κοσμάος,
831 2784 913 2854 itti
939 2787 996 2854 καί
1015 2786 1133 2873 καιρῶν
1156 2803 1265 2859 ατο-ν.
1281 2822 1326 2875 ¹77

149 2992 332 3054 firmabantur.
367 2994 494 3050 Ceterum
511 2997 641 3051 Celsuses
661 2982 808 3065 Silingaris
829 3000 859 3047 et
878 2990 1049 3063 Catsegialus
1072 2991 1234 3046 Pachatnres

149 3071 238 3117 aetate
257 3068 374 3119 conlecti
390 3074 419 3119 ot
432 3070 544 3121 (inmani
560 3070 629 3139 patri
644 3067 776 3121 Orchenis
791 3066 893 3127 coaevi,
906 3064 999 3118 multis
1012 3062 1235 3135 expeditionibus

150 3134 333 3209 periculisque
351 3126 458 3191 bellicis
482 3139 609 3200 exerciti,
628 3154 683 3192 non
704 3138 757 3189 sibi
782 3138 893 3207 probari
913 3134 1025 3187 aiebant
1037 3133 1109 3185 hanc
1127 3141 1236 3185 senten-

151 3206 229 3258 tiam:
246 3223 336 3278 neque
358 3224 418 3259 cum
436 3208 525 3261 adhuc
544 3210 676 3261 liomsnos
696 3216 801 3259 tentare
818 3222 878 3260 corn
900 3207 1044 3259 securitate
1063 3204 1157 3265 liceat,
1175 3220 1238 3272 per·

151 3290 227 3329 verso
245 3279 361 3330 consilio
378 3281 546 3331 incruentam
564 3279 619 3332 illis
636 3279 777 3331 victoriam
791 3276 1002 3331 concedendam:
1020 3282 1106 3327 eastre
1120 3290 1238 3344 namque

151 3346 322 3417 relinquere,
341 3348 414 3401 nihil
439 3350 525 3402 videri
549 3348 641 3413 aliud,
663 3364 743 3419 quam
763 3358 856 3418 aperte
874 3348 958 3399 victos
972 3364 1003 3397 ac
1017 3352 1155 3414 superatos
1170 3360 1236 3396 esse.

151 3414 310 3483 imperatori
329 3418 363 3469 ab
384 3420 449 3487 ipsis
464 3422 555 3472 resisti
569 3436 625 3474 non
635 3436 730 3490 posse,
748 3436 784 3471 ne
801 3418 955 3488 sequidem
973 3432 1087 3486 ιτερατα,
1106 3424 1134 3467 et
1148 3416 1239 3466 omnis

153 3486 330 3555 excogitanda
347 3492 453 3555 potius,
472 3508 552 3560 quam
566 3499 598 3541 ut
616 3492 741 3543 Romanis
758 3504 909 3543 sermonem
927 3486 1000 3539 dent
1036 3486 1138 3555 Fugam
1163 3500 1236 3549 roro,

152 3571 213 3605 curn
234 3556 357 3626 fugiendi
381 3562 526 3611 necessitas
554 3560 631 3612 nulls
652 3562 706 3623 sit,
725 3578 760 3613 ne
784 3560 895 3630 paulum
920 3554 1032 3627 quidem
1058 3556 1235 3625 profuturam.

153 3624 207 3676 Sed
220 3642 343 3695 quaeeun
384 3644 610 3697 esupervaoanea
627 3637 655 3680 et
671 3630 791 3682 miiitum
807 3627 1006 3697 supellectilem
1022 3628 1051 3676 in
1070 3633 1131 3677 tuto
1149 3626 1237 3677 eollo-

153 3703 242 3757 caret,
260 3697 309 3747 ubi
335 3706 468 3764 pateret,
486 3700 545 3765 ipse
570 3714 630 3749 cum
654 3702 774 3752 exercitu
797 3699 893 3751 leviter
909 3698 1042 3748 instructo
1061 3703 1089 3748 et
1107 3694 1236 3765 expedito

152 3763 251 3817 eodem
266 3766 294 3817 ia
306 3766 366 3817 ioco
380 3768 550 3835 persisteret,
568 3769 617 3831 sic,
636 3778 667 3820 ut
681 3786 710 3821 se
727 3784 900 3841 nequaquam
914 3767 1084 3819 ostenderet:
1103 3782 1194 3818 verum
1208 3768 1240 3819 in

151 3833 268 3886 saltibus
279 3844 308 3886 et
318 3836 434 3889 vallibus
451 3838 614 3902 occultaret,
631 3839 684 3890 loci
697 3840 807 3909 ingenio
822 3837 857 3889 ad
871 3837 901 3890 id
913 3839 981 3889 mire
991 3837 1123 3906 apposito.
1159 3837 1240 3888 Prae-

151 3913 229 3957 terea
248 3906 348 3957 milites
368 3916 477 3959 centum
495 3907 549 3960 deli
569 3916 641 3972 eret,
659 3909 726 3977 qui,
745 3910 793 3960 ubi
813 3909 871 3975 ipse
887 3907 977 3977 pridie
995 3906 1169 3971 constitisset,
1187 3922 1237 3975 pro

152 3974 370 4045 speculatoribus
387 3984 497 4030 starent
533 3978 561 4031 Sr
578 3979 725 4049 imperator
748 3980 844 4031 castris
867 3979 923 4031 suis
944 3996 973 4031 se
998 3979 1166 4039 contineret,
1184 3976 1240 4043 ipsi

152 4060 263 4167 guoque
284 4044 388 4100 tamdiu
411 4047 451 4099 ibi
472 4048 603 4114 laterent,
622 4050 709 4102 donec
736 4056 887 4114 constaret,
903 4066 962 4171 puo
989 4050 1038 4101 ille
1060 4065 1088 4101 se
1113 4054 1238 4100 verteret

173 4116 227 4167 iin
242 4117 315 4187 ipsos
329 4118 467 4171 latitantes
485 4128 620 4183 moveret,
639 4121 756 4189 primum
774 4119 884 4188 quidem
923 4120 1007 4173 irecto
1022 4121 1122 4173 itincre
1144 4118 1238 4171 venire

153 4201 210 4237 non
223 4200 311 4253 posse,
325 4186 483 4241 difficultate
498 4197 526 4241 ot
540 4188 742 4259 impedimentis
753 4190 872 4241 locorum
881 4186 1239 4259 naturalibosprohibitnm:

154 4270 268 4328 esseque
284 4260 399 4330 peritiae
413 4261 620 4331 imperatoriae,
637 4278 692 4315 uon
712 4258 793 4313 modo
816 4262 965 4315 exercitum
984 4260 1056 4313 benc
1080 4256 1239 4329 disponerc5

1176 4335 1184 4357 t
