3025 4900
615 295 852 416 emmeno.
1199 359 1269 424 ιιιιι

191 521 361 606 planissime
373 521 548 604 pertinente
581 522 633 605 qni
650 541 712 604 quo
731 533 820 606 puoto
840 517 981 606 σωτηρία
995 521 1058 586 eris
1079 523 1268 608 πραγμάτων

189 623 300 701 suerit,
320 621 448 704 legendo
467 622 581 683 disces:
610 632 641 683 et
653 620 730 683 nihil
750 625 851 683 verius
871 621 930 683 dici
943 627 1075 705 potuisse
1096 629 1269 694 constitues.

191 721 249 782 liin
265 719 404 781 similiter
426 722 460 780 in
484 741 574 804 quem
597 719 710 800 olium,
745 741 879 803 quaeso,
908 723 967 782 nisi
984 723 1017 783 in
1035 724 1174 785 eumdem
1191 747 1268 808 quu-

188 819 301 897 drnnt,
325 819 437 902 quibus
456 840 525 881 eum
544 819 633 881 Nilus
648 819 688 880 ab
701 819 843 901 exemplis
856 824 1055 902 nostratium,
1083 835 1268 885 exterorum·

189 939 250 1001 que
269 919 451 1000 scriptorum
469 919 594 997 incitet,
626 919 671 980 uti
693 927 760 980 ecte
786 939 841 980 suu
859 921 1021 981 memoriae
1047 923 1173 1003 ipsemet
1195 943 1268 1005 pro-

190 1015 266 1076 dut?
297 1009 364 1078 ἔστι
387 1014 425 1078 di
440 1016 495 1078 sai
511 1015 556 1089 εἰς
573 1011 843 1100 napoidsuspa'nir
863 1016 1018 1102 ἡμετέραν
1040 1015 1173 1083 ἱκετείαν
1196 1013 1269 1082 aire-

189 1119 317 1193 usyasi'r.
358 1101 399 1174 du
412 1135 447 1178 τε
464 1109 525 1199 γὰρ
548 1111 621 1188 τούς
637 1111 774 1195 ἔξωθεν,
795 1105 836 1178 ἄν
854 1135 891 1177 ae
914 1113 990 1189 soris
1006 1113 1175 1202 ἡμετέρους
1196 1117 1269 1201 ἦγε-

188 1207 294 1290 μόνας
312 1211 516 1298 ἔνθυμηθῇς,
545 1205 690 1294 οὐδαμῶς
709 1211 865 1300 ἀτιμάσῃς
882 1212 941 1298 τὴν
961 1210 1112 1300 ἱστορίαν.
1139 1218 1196 1280 sui
1211 1207 1269 1279 οὗ·

189 1332 237 1375 sos
257 1307 339 1394 γὰρ,
370 1302 506 1374 κάκεῖνοι
532 1309 585 1374 ἐπὶ
604 1307 642 1374 τὸ
666 1309 863 1398 empcione
886 1313 1030 1396 καθῆκαν
1049 1307 1197 1396 ἑαυτοὺς,
1227 1313 1267 1376 ου’

190 1405 290 1493 μικρὰ
306 1407 365 1472 τὸν
380 1401 575 1493 dsdooirrcrur
588 1413 657 1493 βίον
673 1411 709 1476 ἐκ
728 1408 879 1476 τοιούτων
896 1407 1019 1495 ὀνήσειν
1037 1407 1180 1492 οἰόμενοι.
1201 1415 1268 1476 Nee

190 1529 266 1572 uero
290 1521 377 1574 carru
394 1511 559 1593 exemplo,
585 1511 675 1596 quod
697 1512 752 1576 abs
774 1526 805 1573 te
816 1512 964 1598 perime.
1003 1512 1207 1574 Eterrirrssioe
1224 1510 1271 1574 ad

194 1621 366 1683 mensos,
395 1612 459 1672 sive
478 1609 525 1674 ad
545 1623 700 1674 nostrates
718 1612 796 1675 belii
810 1612 904 1673 duces
922 1613 1096 1690 respicias,
1123 1631 1189 1675 non
1205 1632 1269 1696 po-

192 1711 268 1770 teris
288 1709 348 1772 isac
358 1730 455 1790 genus
471 1711 651 1793 scriptionis
666 1723 871 1776 contemnere.
915 1712 1038 1796 Quippe
1057 1723 1121 1773 turn
1135 1711 1180 1790 isi,
1201 1724 1268 1772 tuns

190 1807 240 1870 itti
256 1809 321 1872 sue
341 1811 464 1892 pariter
486 1831 518 1871 se
538 1809 741 1891 demiserunt,
762 1831 826 1874 non
841 1831 956 1896 parurn
968 1811 1044 1872 inde
1059 1813 1195 1872 humano
1212 1830 1270 1891 ge-

189 1909 260 1968 neri
282 1908 455 1972 contuitum
476 1910 521 1970 iri
536 1911 735 1974 arbitrantes.
784 1909 867 1989 Quid
888 1909 971 1992 quod
988 1909 1028 1972 de
1045 1931 1102 1972 sun
1115 1931 1184 1972 eum
1202 1908 1268 1969 An-

191 2005 319 2069 dronico
340 2012 600 2090 coniunctissime,
635 2009 866 2092 fidelissimeque
884 2013 1016 2071 amicitia
1038 2010 1086 2092 (de
1106 2031 1167 2092 qun
1183 2012 1269 2092 equi·

189 2103 262 2166 dun
285 2109 438 2190 cogitans,
472 2107 561 2170 simui
593 2107 632 2170 de
650 2109 797 2189 Doridis,
833 2118 864 2170 et
884 2109 1028 2169 Ionathoe
1048 2106 1270 2170 devmctissimu

190 2205 394 2269 familiaritate
409 2209 526 2292 cogito:
556 2207 720 2292 dequibus
742 2211 889 2290 scriptum
906 2207 1054 2290 legimns,
1083 2206 1199 2268 Anima
1218 2207 1271 2270 Io·

191 2306 308 2368 nathae
322 2307 535 2388 conglutinata
553 2321 599 2371 est
612 2311 735 2370 animae
750 2307 906 2370 Davidr’s:
924 2319 954 2368 et
969 2306 1088 2367 dilexit
1098 2325 1167 2366 eum
1179 2307 1273 2388 quasi

190 2405 330 2467 sumam
345 2425 453 2492 suam3
491 2429 629 2470 nusum:
658 2407 762 2473 Doleo
783 2427 878 2492 super
894 2418 951 2480 ·te,
975 2404 1086 2488 frater
1111 2407 1156 2467 mi
1175 2405 1271 2467 lona·

191 2506 266 2579 sta,
300 2504 414 2568 decore
438 2509 553 2581 nimis,
589 2522 620 2570 ct
647 2508 791 2571 aptabilis
814 2526 910 2590 super
933 2524 1072 2567 amorem
1096 2504 1273 2581 mulierum)

193 2624 255 2664 non
278 2607 335 2665 nisi
356 2608 482 2689 ipsemet
504 2610 546 2669 itu
577 2606 755 2687 συμπαθῶς
782 2618 814 2668 et
836 2603 974 2688 ἐναργῶς
996 2604 1127 2665 scribere
1150 2606 1271 2685 potuit?

194 2703 278 2784 quod
298 2705 420 2786 quidem
447 2728 660 2789 saepenumero
686 2708 769 2774 fecit.
818 2704 869 2767 Sic
898 2704 1048 2784 solemus,
1084 2704 1268 2785 frequenter,

197 2803 336 2885 inquam,
357 2826 525 2888 magnoque
541 2828 610 2867 curn
627 2828 716 2868 sensu
737 2805 777 2867 de
798 2807 836 2867 iis
852 2805 956 2887 ioqui,
977 2826 1012 2865 uc
1028 2803 1170 2883 scribere,
1192 2822 1270 2884 quae

197 2913 249 2961 aut
273 2904 406 2965 absmm
431 2906 521 2966 valde
543 2908 577 2967 in
600 2907 774 2985 desideriis,
810 2916 863 2966 aut
886 2906 1054 2987 praesentio
1077 2903 1271 2963 vehementer

193 3000 281 3063 uobis
300 3005 332 3063 in
357 3006 508 3067 amoribus
531 3015 611 3066 sunt.
668 3004 732 3065 Neo
753 3004 831 3067 eiius
852 3015 916 3064 tum
941 3003 1055 3063 diserte
1071 3001 1111 3061 de
1134 3006 1271 3059 recusato

193 3104 282 3163 toties
306 3104 458 3185 imperio,
496 3105 535 3165 de
562 3103 700 3165 liber-tute
723 3102 806 3186 apud
831 3100 1041 3162 Andronicum
1066 3118 1138 3178 suu,
1174 3097 1271 3179 deque

193 3200 392 3284 amplitudine
422 3205 575 3286 potestatis
601 3224 693 3287 quam
724 3202 923 3278 obtinuisset,
965 3209 1085 3281 praeter
1108 3199 1271 3280 ipsummet

193 3320 320 3361 narrare
341 3301 506 3383 voluisset,
543 3304 658 3365 etiamsi
683 3304 840 3386 potuisset.
893 3298 1066 3381 Scripturas
1085 3306 1204 3357 sunctae
1221 3306 1271 3354 to-

193 3400 252 3461 ties
271 3402 455 3483 productae,
484 3413 515 3465 et
535 3404 699 3465 monastico
716 3400 875 3483 discipline
892 3419 957 3459 non
978 3396 1069 3458 semei
1085 3407 1148 3457 tnm
1165 3396 1272 3455 eximie

195 3500 385 3581 praedicatu,
415 3513 506 3583 utque
529 3505 619 3563 eduin
642 3522 697 3584 per
719 3512 815 3563 totum
837 3499 994 3559 historiam
1012 3516 1133 3579 sperone
1147 3504 1195 3554 tot
1205 3496 1271 3575 pie-

195 3600 263 3659 tutis
284 3610 394 3681 notae,
429 3622 491 3663 nou
516 3600 608 3663 oliirm
637 3622 729 3683 quom
758 3598 940 3661 monachum
964 3594 1066 3676 oient,
1099 3592 1198 3676 qualis
1218 3590 1271 3653 iiic

195 3704 261 3759 tum
278 3710 363 3779 erat,
391 3722 461 3763 oum
482 3700 556 3763 hoec
573 3700 683 3763 chortis
698 3699 864 3764 manderet.
905 3696 1034 3767 Dicendi
1049 3714 1159 3777 genus,
1187 3690 1271 3773 quod

194 3794 229 3855 in
249 3796 334 3859 libris
350 3812 455 3861 eontra
471 3800 720 3879 Mahometenos,
754 3810 786 3861 et
806 3798 934 3885 Iudaeos
954 3798 987 3857 in
1004 3795 1175 3856 defensione
1199 3792 1271 3852 fidei

195 3894 384 3959 Christianae
407 3882 562 3982 adhibuit,
600 3900 668 3961 ideo
684 3897 828 3961 dissimile
842 3910 907 3977 eet,
935 3897 1007 3978 quio
1026 3892 1086 3955 iilis
1107 3890 1270 3973 disputatio

196 3994 343 4072 qtruedmn
366 4010 511 4081 perpetrm
544 4010 575 4064 et
606 3997 775 4061 dialectica.
788 3999 907 4080 potius3
926 3992 1138 4055 hionurrutio
1161 3988 1272 4049 diffisso

197 4103 229 4153 et
245 4098 416 4159 ooutinuete
437 4103 606 4185 suscipitur.
646 4098 780 4159 Proinde
799 4108 834 4159 ut
854 4096 912 4159 alia
928 4094 992 4172 ibi,
1020 4092 1080 4153 ulie
1095 4089 1146 4153 hic
1165 4090 1205 4149 sit
1223 4086 1270 4147 fn·

198 4198 277 4281 sies,
297 4220 415 4267 neeesse
428 4213 481 4272 est.
531 4198 587 4263 ilis
607 4198 727 4264 demum
744 4196 798 4263 lib.
809 4194 840 4279 4.
857 4216 926 4280 opp.
943 4190 993 4272 24.
1009 4202 1040 4254 et
1057 4188 1107 4253 25·
1128 4185 1270 4250 uivere-¹⁸
