3025 4900
453 327 761 414 HISTORIARUM
790 350 818 412 1.
851 346 882 414 ν.
1124 411 1130 422 ,
1170 359 1219 444 ¹7

122 504 217 571 αότοῦ
225 504 368 590 Μιχαὴλ
391 503 474 588 όμοῦ
491 509 532 592 τῇ
554 506 690 593 συζόγῳ,
708 508 765 571 καί
787 507 893 590 τρίτον
904 506 959 573 τόν
974 509 1045 575 νέον
1054 511 1299 595 ‘Arentes-rc.
1309 529 1378 584 1³20

120 629 183 688 κον,
207 603 280 671 υἱόν
301 607 361 689 μὲν
383 601 459 670 ὄντα
477 608 533 670 τοῦ
554 604 705 690 Μιχαὴλ,
727 603 844 671 υἱωνόν
867 598 902 672 δὲ
919 607 1136 696 Ἀνδρονίκου·
1164 613 1250 678 coiit

119 707 265 771 τοιοότου
288 706 388 783 ἔθους
409 704 471 770 ἀπό
493 709 556 774 τῶν
569 707 697 792 χρόνων
709 703 891 790 ἀρξαμένου
906 711 964 795 τοῦ
976 709 1103 796 πριότου
1119 715 1221 795 βεβα·

121 809 303 884 σιλευκότσς
324 807 555 892 Παλαιολόγου
578 809 633 870 τοῦ
655 807 805 891 Μιχαήλ·
836 807 992 896 πρότερον
1011 809 1074 899 γὰρ
1096 813 1152 877 oris
1170 815 1220 891 ἐξ·
1311 847 1317 856 ·

103 913 159 993 δῆν
177 910 226 997 τρῖ
243 911 337 975 παιδί
353 911 410 975 τοῦ
428 909 589 990 βασιλέως
602 904 719 992 όρκους
735 909 935 988 ἀποδιδόναι,
948 911 1017 976 ἀλλ’
1029 913 1224 1000 οὕδὲπαρα-

119 1013 236 1094 σήμοις
250 1013 473 1095 κεκοσμῆσθαι
485 1013 675 1090 βασιλικοῖς,
694 1008 723 1072 εἰ
738 1008 794 1093 μὴ,
814 1014 871 1074 τοῦ
882 1010 1004 1094 πατρός
1023 1013 1112 1102 αὐτῷ
1123 1039 1222 1098 μετα-

119 1114 252 1190 στάντος
274 1113 330 1178 τοῦ
348 1113 435 1194 βιόυ,
457 1108 493 1174 τό
515 1109 629 1193 κρότος
643 1112 699 1193 τῆς
712 1111 882 1192 βασιλείας
900 1109 963 1197 ἤδη
975 1119 1130 1202 καθαρῶς
1142 1113 1224 1202 πρός

123 1209 219 1276 αὐτόν
240 1213 410 1294 μεταβαίη.
433 1207 682 1294 α’όςπερόφημεν
702 1209 819 1288 τοίνυν,
840 1210 888 1277 ἔτι
908 1215 966 1276 τοῦ
979 1213 1120 1298 Μιχαὴλ
1142 1218 1225 1295 ζῶν-

122 1333 173 1387 τος
192 1311 392 1394 τελουμένων
411 1314 475 1376 τῶν
495 1307 609 1396 όρκων,
630 1309 711 1392 μετὰ
730 1309 787 1393 τὴν
801 1311 922 1375 ἐκείνου
942 1314 1088 1397 τελευτὴν
1106 1311 1223 1399 ὥριστο

89 1407 194 1487 loteba
210 1409 384 1492 ὀμνύοντας
399 1408 479 1494 πρός
494 1411 592 1494 μόνον
607 1409 661 1475 τόν
673 1409 894 1495 πρεσβύτερον
903 1409 1223 1496 Ἀνδρόνικονποιεῐ-

124 1515 203 1576 σθαι
226 1511 298 1589 τούς
324 1510 439 1596 ὅρκους
456 1511 511 1576 καί
524 1509 560 1575 όν
575 1509 613 1575 όν
625 1508 721 1586 αότός
733 1510 871 1591 βασιλέα
879 1509 1050 1596 Ῥωμαίων
1064 1513 1223 1597 καταστή-

125 1638 176 1698 σῃ,
199 1613 235 1678 τὸ
254 1615 311 1676 τοῦ
333 1611 405 1676 νέου
429 1609 588 1693 βασιλέως
609 1607 711 1692 όνομα
727 1610 936 1695 Ἀνόρονιλιου
951 1614 1154 1678 παντόπασιν
1168 1616 1224 1678 έκ-

123 1713 289 1793 βαλόντας.
331 1713 422 1782 τοῦτο
442 1711 561 1787 πάντας
580 1712 639 1792 μὲν
662 1711 774 1796 ἠνίασε
796 1709 868 1788 τούς
890 1716 1125 1798 συνετωτέρους
1142 1713 1254 1784 ‘Poe-c

122 1813 245 1892 μαίων,
276 1810 615 1892 καταστοχαζομένους
638 1809 700 1896 ἤδη
724 1810 781 1896 τὴν
800 1811 984 1895 μέλλουσαν
1005 1811 1142 1878 ἔσεσθαι
1161 1815 1223 1879 τῶν

89 1911 308 1995 15Ῥαμαῖκῶν
334 1913 531 1997 πραγμάτων
557 1915 686 1998 φθορὰν
712 1913 748 1977 da
773 1915 829 1996 τῆς
852 1911 1078 1998 ἀναφυομένης
1105 1912 1225 1996 μεταξὺ

122 2015 184 2078 τῶν
202 2012 366 2097 βασιλέων
383 2011 526 2087 στάσεως
540 2011 596 2075 κατ’
614 2013 787 2098 διαφορᾶς·
804 2015 852 2100 τρῖ
869 2014 935 2078 δέει
948 2012 1058 2096 μέντοι
1072 2017 1130 2078 τοῦ
1141 2039 1224 2097 κρα-

122 2115 245 2189 τοῦντος
258 2108 385 2190 ἄκοντες
400 2112 513 2187 πάντες
529 2109 657 2195 ιόμνυον
674 2111 716 2188 τός
731 2111 919 2190 ἐκελεύοντο,
936 2110 1018 2196 πλὴν
1036 2109 1106 2189 ἑνός
1121 2115 1222 2196 μόνου

121 2215 175 2276 τοῦ
193 2215 464 2296 Καντακουζηνοό
479 2212 697 2298 Ἀνδρονύιου,
719 2215 761 2300 τῇ
777 2215 835 2278 τοῦ
855 2211 1149 2296 παρακοιμωμένου
1171 2238 1223 2280 τε-

123 2313 296 2397 τιμημένου
311 2312 394 2401 ἀξίᾳ·
418 2303 508 2388 οὗτος
525 2311 586 2398 γὰρ
600 2314 806 2398 χρησόμενος
823 2310 991 2401 παρῥησίρ
1004 2310 1086 2376 κατὰ
1101 2312 1224 2401 καιρόν,

92 2415 278 2499 Ξῡόθέτησιν
297 2413 402 2498 ἔλεγεν
424 2405 506 2476 εἶναι
526 2412 582 2478 τοῦ
604 2416 683 2477 θεοῦ
706 2412 859 2501 φανερὰν,
890 2413 922 2478 εί
939 2412 985 2497 μὴ
1002 2415 1059 2479 καί
1078 2413 1133 2479 τὸν
1153 2415 1225 2481 νέον

122 2514 256 2597 βασιλέα
277 2512 481 2597 Ἀνδρόνικον
503 2515 755 2599 συμπαραλόβσι
777 2522 843 2590 τοῖς
869 2512 986 2600 όρκοις·
1023 2516 1136 2579 τοῦτον
1160 2513 1224 2601 γὰρ

123 2614 174 2679 τόν
188 2614 310 2699 τρόπον
324 2615 381 2679 καί
395 2612 551 2699 πρότερον
568 2613 782 2697 ὀμωμοκέναι.
806 2615 856 2681 διδ
875 2615 931 2679 καί
949 2613 1044 2679 οἱέπί
1054 2618 1110 2698 τῆς
1122 2611 1256 2699 ripam-l)

123 2716 239 2797 μοσιάς
260 2712 460 2799 τεταγμένοι,
491 2714 671 2791 συνιδόντες
692 2714 749 2799 τὴν
778 2715 925 2783 ἔνστασιν
950 2717 1008 2779 τοῦ
1035 2712 1155 2798 ἀνδρὸς
1180 2710 1226 2789 αἷς

124 2814 267 2891 δικαίαν,
299 2809 426 2889 ἄκοντες
451 2815 528 2897 μέν,
557 2814 646 2899 ὅμως
673 2818 702 2881 δ’
728 2812 785 2880 σόν
807 2814 1037 2900 συνεχοόρησαν
1064 2811 1154 2900 αὐτῷ
1169 2811 1225 2878 τόν

123 3000 233 3057 rentem,
257 3000 285 3045 ct
307 2995 522 3061 imperatricem:
554 2994 654 3047 deinde
681 2994 767 3047 tilium
798 2996 857 3046 eius
883 2993 1042 3047 blichaelem
1070 2995 1135 3045 item
1163 3010 1223 3045 curn

124 3068 253 3135 coniuge:
272 3067 355 3118 tertio
376 3066 441 3118 loco
456 3067 642 3119 Andronicum
661 3064 796 3119 blichaele
814 3074 984 3134 prognatum,
1003 3064 1153 3117 Andronici
1173 3082 1224 3117 ne-

124 3145 223 3203 potem:
243 3138 294 3189 bac
314 3138 716 3205 eonsuetudineatcmporibns
737 3136 878 3189 Michaelis
899 3154 932 3189 ex
949 3135 1122 3206 palaeologis
1141 3136 1223 3205 primi

125 3210 291 3276 inperatoris
316 3210 482 3262 introducta:
504 3218 564 3263 ante
585 3210 660 3262 illam
679 3210 815 3279 siquidem
839 3217 950 3261 aetatem
971 3210 1142 3274 imperatoris
1165 3208 1222 3261 filio
1304 3235 1306 3238 ·

126 3294 174 3331 nou
191 3281 346 3332 iurabatur:
363 3298 453 3351 neque
472 3298 531 3344 eum
553 3280 707 3350 insignibus
721 3283 903 3348 imperatoriis
915 3281 1093 3333 cohonestare
1113 3280 1223 3346 licebat,
1267 3322 1271 3330 .

126 3352 182 3413 uisi,
199 3360 276 3419 patre
296 3354 349 3403 iam
369 3351 472 3405 lumine
498 3368 584 3418 casso,
610 3352 761 3420 imperialis
787 3353 819 3404 ud
845 3369 903 3406 eum
923 3354 1045 3420 potentia
1064 3354 1131 3403 citra
1152 3368 1224 3405 con·

127 3427 279 3475 troversiam
303 3424 506 3477 devolveretur.
542 3424 635 3493 ltaque
662 3427 828 3488 iuramentis,
854 3440 887 3476 eo
913 3424 994 3475 modo
1023 3439 1077 3492 quo
1099 3424 1224 3490 diximus,

127 3492 252 3548 licbselc
270 3504 432 3562 superante,
460 3499 612 3562 conceptis,
638 3506 699 3563 post
723 3498 784 3549 eius
805 3512 821 3549 e
846 3498 901 3549 vita
927 3496 1073 3547 discessum
1098 3496 1153 3548 lata
1178 3496 1223 3549 lex

127 3573 172 3629 est,
192 3574 221 3618 ut
240 3569 398 3619 Andronico
419 3568 521 3620 seniori
547 3575 657 3633 tantum,
679 3576 707 3620 et
728 3584 807 3636 quem
829 3570 852 3619 is
872 3566 924 3618 sibi
946 3575 1099 3618 consortem
1118 3567 1223 3637 alagis-

126 3644 171 3695 εει,
189 3640 298 3691 nomine
324 3640 473 3691 Andronici
498 3640 616 3691 iunioris
642 3642 750 3707 penitus
779 3641 884 3702 eiecto,
913 3639 999 3690 iurata
1017 3639 1082 3690 fides
1101 3639 1224 3692 lirmare-

126 3716 172 3759 tur.
207 3709 282 3773 Quae
311 3726 354 3761 res
383 3710 604 3777 prudentioribus
631 3712 809 3763 Romanorum
829 3711 976 3774 universis,
996 3717 1144 3777 pestem'et
1162 3713 1224 3763 exi·

125 3781 185 3831 tium
204 3783 231 3832 in
253 3782 395 3833 Romanam
416 3799 470 3834 rem
491 3781 626 3847 publicam
647 3800 679 3834 ex
704 3782 861 3833 suboriente
880 3783 950 3832 iuter
970 3782 1145 3848 imperatores
1164 3783 1223 3833 dis-

126 3852 192 3903 sidio
212 3854 441 3923 distinctioneque
461 3852 653 3918 moabitarum,
670 3856 827 3921 suspicione
840 3853 1081 3920 praecipientibus,
1099 3852 1223 3904 luctuosa

126 3925 228 3975 accidit.
266 3924 359 3977 Nihilo
383 3928 473 3977 minus
495 3926 658 3987 dominantis
681 3928 779 3977 timore
804 3924 918 3989 subacti,
937 3940 1030 3976 omnes
1049 3927 1122 3976 iuxta
1140 3941 1223 3991 prae-

127 4002 226 4061 ceptum
250 3998 392 4049 iuramenti
420 3998 557 4066 religione
581 4014 611 4049 se
637 3999 826 4061 devinxerunt,
847 4004 920 4049 extra
939 4012 1020 4047 unum
1039 3998 1221 4049 tantummodo

127 4066 305 4119 Andronicum
332 4066 563 4133 Cantacuzcnum‚
590 4069 695 4121 bonore
722 4069 853 4135 praelecti
873 4070 941 4119 sacri
962 4066 1082 4119 cubiculi
1102 4069 1222 4137 insigni-

126 4144 183 4190 tam.
221 4136 245 4190 la
267 4140 338 4191 enim
358 4142 518 4209 tempestiva
537 4140 668 4210 loquendi
688 4140 813 4191 libertate
832 4139 961 4203 adhibita,
982 4138 1067 4190 Deum
1089 4154 1150 4191 ase
1163 4156 1221 4191 ma-

126 4211 218 4262 nifeste
246 4218 427 4279 contemptum
456 4207 588 4276 iri'dixit,
619 4214 671 4263 nisi
701 4213 764 4263 item
786 4213 900 4263 iunioris
922 4212 1091 4276 imperatoris
1111 4212 1221 4263 Andro-

127 4282 177 4333 nici
196 4284 311 4335 iurando
337 4286 515 4335 meminisset:
540 4273 572 4336 ad
601 4298 660 4357 eum
686 4284 788 4352 qnippe
813 4285 921 4336 modum
947 4284 1025 4333 etiam
1050 4282 1125 4350 prius
1144 4284 1221 4334 iura-

128 4352 203 4407 rirse.
239 4354 419 4419 Quamobrem
450 4356 496 4425 qui
525 4355 692 4421 adiurabaut,
720 4370 768 4408 scu
791 4358 837 4425 qui
859 4356 1036 4406 iuramentum
1055 4352 1221 4425 deferebant,

171 4452 383 4508 castrensem.
987 4452 1004 4503 2
