3025 4900
265 341 293 422 6
604 409 607 414 <
704 363 932 428 ocemont

258 549 342 603 qnum
370 533 489 602 affectat,
518 535 564 586 cui
588 535 678 605 nequi
704 534 854 604 loqotietae
880 535 935 602 filii
959 532 1079 589 student:
1111 547 1224 604 quorun
1250 530 1363 584 litterae

217 611 218 614 ’
259 605 483 673 intercipiuntur,
507 615 532 658 et
551 616 644 659 eoru'm
662 615 741 676 peter
762 609 846 674 oq'ficii
864 610 908 659 sui
927 606 1096 659 admonetur.
1132 603 1362 656 Protooestiorins

260 677 414 746 loqotlsetae
444 685 563 730 extreme
589 679 730 743 minitans,
759 699 777 730 a
802 689 897 747 nepote
920 680 1109 751 compescituq·‚
1137 685 1163 729 et
1187 674 1260 744 apud
1283 690 1363 726 eoum

260 757 417 801 recusatur.
465 749 549 801 Amic
577 751 607 801 in
624 751 761 802 ratissimi
789 752 980 814 inueniuntur,
1015 765 1157 817 eorumque
1184 746 1362 816 instipatione

260 819 358 871 lelium
381 819 550 872 recrudescit
574 817 583 888 (
620 819 640 886 ).
677 823 781 874 Nititur
805 840 888 875 senec
913 823 1071 872 memoriam
1095 821 1213 872 iunioris
1238 835 1252 870 e
1273 818 1362 869 sacris

261 891 366 952 tollere,
389 893 468 942 euius
494 895 680 960 patrocinium
704 893 869 962 patriarcis
898 894 1012 962 suscipit
1039 889 1103 960 (44).
1140 888 1226 942 Aoum
1250 889 1363 956 placare

259 960 434 1014 Andronicus
455 973 585 1028 conatur,
619 973 645 1017 et
667 982 685 1016 a
709 965 780 1016 lello
800 964 960 1028 dehortans,
989 981 1018 1016 se
1041 964 1077 1014 ad
1093 979 1204 1015 causum
1223 959 1363 1012 dicendum

260 1037 346 1102 offert.
367 1075 370 1084 .
394 1034 464 1086 (irat
489 1035 559 1086 idem
584 1053 633 1103 per
658 1035 768 1088 litteras
791 1052 903 1104 maqnus
932 1034 1093 1088 domesticus
1123 1043 1148 1086 et
1174 1035 1205 1085 in
1234 1032 1362 1084 extremis

262 1103 362 1168 terret.
379 1106 404 1155 si
424 1109 530 1158 monita
550 1109 739 1173 contempserit
757 1104 824 1174 (45).
870 1107 1008 1176 Responsa
1038 1109 1084 1159 aoi
1107 1117 1223 1156 moestus
1249 1105 1363 1168 iuuenis,

260 1176 449 1245 potriarclsoe,
475 1186 501 1228 et
521 1180 707 1247 episcoporum
724 1177 801 1244 fidem
821 1177 951 1248 appellat.
977 1180 1024 1246 qui
1049 1195 1108 1230 eum
1132 1178 1162 1231 in
1180 1177 1225 1228 uei
1244 1176 1364 1244 qratiam

260 1256 397 1301 conantur
419 1251 574 1301 restituere.
613 1251 759 1304 Mittuntur
783 1251 912 1317 lilseqium
938 1267 973 1301 ec
990 1247 1076 1301 trilus
1095 1248 1195 1300 delecti
1214 1245 1361 1308 ordinibus,

261 1337 314 1443 lii.
336 1331 716 1461 lilim..⁶²io⁰iii‘’...‘il,⁸
734 1314 1363 1456 ‚iiiiiiiiiiiiimxiiiielffii}

229 1497 232 1502 -
262 1459 409 1531 siqillatim
430 1461 540 1514 obiectis
560 1464 712 1530 respondet.
750 1465 877 1532 Sequitur
898 1463 1081 1527 oratiuncula,
1108 1479 1161 1529 qua
1188 1478 1264 1514 suam
1282 1461 1362 1511 inno·

262 1535 380 1587 centiam
414 1532 541 1585 adsersus
574 1536 794 1588 criminationem
822 1532 854 1585 de
883 1536 1009 1602 periurio
1040 1537 1070 1585 in
1095 1533 1204 1599 foedere
1238 1529 1363 1583 uiolando

262 1612 353 1658 tuetur
378 1601 442 1670 (47)
487 1604 540 1656 Aoi
564 1614 590 1657 ot
614 1606 732 1659 Cocalae
758 1607 866 1658 litteras
890 1613 986 1656 contra
1010 1622 1039 1656 se
1061 1607 1183 1673 profert,
1211 1603 1305 1672 quibus
1328 1601 1361 1652 al

262 1677 331 1745 ipsis
355 1675 443 1742 foedis
468 1677 598 1728 uiolatum
620 1679 777 1730 convincere
803 1676 939 1729 contendit
967 1674 1032 1745 (48).
1077 1675 1196 1728 Cocclee
1221 1671 1362 1743 impuden-

264 1750 314 1799 tia.
353 1745 483 1814 Episcopi
503 1747 631 1801 damnare
650 1759 806 1801 accusatum
825 1757 962 1800 oerentur.
996 1746 1165 1816 Respondeas
1185 1763 1252 1811 aro,
1272 1745 1304 1797 de
1323 1761 1361 1808 se,

263 1827 293 1871 ut
312 1819 342 1868 in
361 1835 420 1868 eum
439 1819 568 1885 officioso,
586 1820 736 1888 praedicat,
765 1821 853 1885 illum,
877 1829 908 1871 ut
931 1819 1104 1887 sqcopiantis
1125 1817 1271 1881 credulum,
1296 1834 1362 1885 per·

263 1890 383 1958 strinqit‚
407 1907 500 1957 pacem
524 1910 574 1958 pro
599 1911 629 1944 re
653 1893 761 1962 publiea
787 1900 857 1955 orat,
880 1908 909 1942 se
927 1891 1047 1953 subiicit,
1069 1899 1095 1942 et
1113 1893 1142 1942 ni
1163 1889 1227 1940 lene
1245 1889 1363 1940 monenti

263 1959 431 2019 olsccundet,
456 1963 575 2015 minatur
602 1963 671 2030 (49).
709 1963 824 2016 Cocalus
850 1971 913 2014 acta
936 1962 1032 2030 Rieqii
1056 1964 1195 2013 renuntiat
1219 1963 1277 2012 seni
1303 1975 1363 2020 osn-

264 2035 327 2085 nio:
354 2031 457 2099 reliqui
482 2051 535 2084 non
559 2034 717 2088 audiuntur.
761 2035 832 2086 lium
855 2033 1016 2102 patriareia
1040 2035 1187 2103 castiqans,
1212 2052 1230 2084 a
1253 2032 1363 2082 iuniore

264 2123 293 2156 se
313 2110 447 2154 staturum
464 2107 614 2172 profitetur.
652 2108 717 2159 Cum
736 2107 871 2174 episcopis
890 2104 993 2156 idcirco
1019 2105 1130 2156 labetur
1152 2101 1199 2155 sui
1222 2103 1361 2154 custodiis.

264 2176 377 2244 llaqnus
404 2173 565 2228 domesticus
592 2187 617 2229 et
641 2187 825 2247 protostrator
854 2175 890 2229 ad
918 2174 1111 2244 procedendum
1140 2176 1363 2243 Constantinopo-

265 2247 307 2298 lin
334 2253 454 2314 nepotem
480 2249 611 2300 incitant:
642 2252 688 2302 cui
720 2267 795 2317 spem
824 2248 958 2317 reliquant
985 2248 1063 2315 pacis
1089 2246 1249 2299 domesticus
1279 2246 1363 2314 eripit

267 2313 334 2385 (50).
372 2317 474 2385 liisepio
495 2318 652 2386 Bpsantium
670 2323 723 2373 iter
742 2318 890 2372 intendunt.
931 2319 1052 2385 imperat
1070 2320 1095 2370 ei
1115 2337 1191 2384 arus,
1214 2319 1257 2370 uti
1280 2333 1308 2368 se
1329 2315 1362 2367 ui

157 2405 163 2415 ·
265 2387 330 2441 urle
350 2390 508 2444 amoliatur.
544 2393 634 2444 Marci
659 2390 816 2444 Calallarii
840 2391 996 2442 conoitiurn.
1029 2391 1175 2456 Memorat,
1199 2407 1250 2458 quo
1274 2388 1363 2455 officio

189 2514 191 2517 ,
266 2464 296 2512 in
316 2476 394 2511 eoum
412 2464 507 2527 fuerit,
526 2465 603 2531 cuius
621 2468 803 2534 pertinaciam
823 2472 943 2516 accusat.
986 2462 1127 2530 Selqlriae
1151 2479 1208 2514 rem
1231 2460 1364 2530 publicans

267 2530 386 2585 ordinat.
422 2534 538 2585 Rursum
564 2554 646 2605 nepos
666 2535 882 2604 Didqmoticiuns
908 2534 1000 2586 rediit.
1038 2532 1209 2585 Andronicus
1229 2532 1364 2594 Tornices,

267 2612 293 2655 et
319 2604 430 2655 ldanuel
458 2604 587 2658 Lascaris
612 2610 749 2677 pactionis
775 2623 835 2659 eum
858 2607 978 2675 satrapis
1005 2606 1166 2673 Scyllarum
1193 2604 1311 2673 suspecti
1338 2609 1365 2653 et

268 2675 384 2727 Thracia
413 2680 503 2727 ecoeti
529 2674 600 2745 (51),·
630 2697 698 2747 quae
722 2680 918 2747 protostratori
942 2694 1002 2728 cuns
1025 2687 1104 2746 porte
1126 2678 1265 2744 copiarum
1289 2689 1365 2727 com·

266 2747 394 2799 mittitur.
433 2747 466 2800 In
484 2748 668 2802 Macedoniarn
686 2752 780 2803 iunior
800 2758 897 2801 contra
916 2748 1004 2800 lostes
1028 2748 1095 2812 abit,
1114 2748 1210 2799 Pieris
1235 2764 1279 2799 eos
1296 2762 1365 2816 pro-

267 2826 353 2869 oocat.
393 2818 432 2871 lis
457 2836 486 2871 se
512 2822 712 2887 occurentibus,
740 2839 790 2889 quo
816 2823 904 2871 minus
926 2818 1067 2887 postulata
1091 2827 1248 2888 praestent,
1273 2833 1365 2869 remo-

267 2897 345 2941 oetur
377 2887 439 2941 inde
472 2896 606 2943 caercitus
635 2891 702 2961 (52)Ι
751 2892 969 2945 Thessalonicam
1001 2899 1127 2943 occatur:
1164 2890 1228 2942 urle
1265 2887 1383 2950 dedita,-

267 2972 549 3085 ii..⁰.lil.⁹”i.'.lit.·
569 2964 801 3088 ‘tillim
819 2972 917 3086 titt:
939 2961 1225 3086 {i‘ii..:¹:⁶'“¹tt;
1247 2962 1367 3085 titt-‘tt

268 3098 330 3171 (53).
346 3116 348 3122 ’
366 3102 567 3175 ‘Deliberatum
593 3124 644 3174 quo
669 3054 819 3159 eundum,
836 3105 967 3157 Probatur
977 3054 1136 3156 ¹,eonsilium
1159 3106 1250 3173 maqni
1273 3102 1367 3154 dome·

269 3176 340 3227 stici.
386 3174 490 3228 Edessa
521 3186 546 3229 et
577 3177 714 3229 Berricen
739 3196 769 3230 se
795 3175 901 3228 dedunt.
949 3175 1046 3245 Inqens
1072 3174 1216 3227 occidentis
1240 3173 1366 3241 defectio.

268 3246 357 3297 Duces
384 3248 502 3298 senioris
532 3245 569 3300 ad
600 3248 745 3300 Triballum
769 3248 917 3316 suqientes,
944 3265 962 3297 a
984 3246 1114 3298 Pleraeis
1137 3245 1268 3298 militibus
1293 3244 1368 3311 capti

268 3314 304 3368 ad
326 3326 446 3383 nepotem
464 3316 641 3371 adducuntur.
685 3319 752 3371 Cum
774 3317 904 3371 uxoribus
928 3333 1020 3369 eorum
1043 3317 1154 3386 deniqne
1181 3319 1273 3387 apitur
1299 3312 1366 3383 (54).

270 3386 380 3440 Deditio
407 3390 551 3441 Castoriae
577 3400 602 3441 et
626 3388 762 3441 Acltridis.
806 3389 1034 3440 Protooestiarius
1064 3406 1124 3440 cum
1151 3391 1233 3440 sociis
1259 3386 1367 3439 Tritai-

270 3460 324 3513 lum
349 3458 385 3519 ad
409 3478 487 3513 arma
514 3464 544 3512 in
567 3464 757 3531 imperatorem
781 3462 914 3511 iuniorem
940 3460 1084 3512 sollicitat.
1124 3459 1222 3513 Uooois
1249 3458 1368 3512 eiusdem

269 3532 475 3599 protovestiarii
501 3533 676 3585 mendacium.
717 3532 868 3584 Domestici
894 3534 924 3583 in
947 3541 1098 3598 contemptu
1121 3534 1186 3583 ouri
1209 3532 1368 3600 arqentique

270 3601 342 3670 opud
358 3606 597 3669 protovestiariurn
615 3606 719 3672 reperti
739 3603 861 3655 excelsus
879 3606 994 3655 animus.
1022 3604 1201 3671 imperatoris
1221 3604 1368 3669 beneficen-

271 3675 319 3725 tia.
366 3672 528 3724 Voluntaria
554 3678 702 3743 aqrestium
729 3674 895 3727 Albanorum
922 3673 1034 3739 deditio,
1066 3674 1246 3727 Triballorum
1271 3689 1369 3743 prece·

270 3761 329 3795 rum
357 3744 386 3793 in
419 3744 598 3797 dissuadendo
629 3747 697 3799 lello
729 3747 862 3813 aequitas.
917 3746 983 3798 Viae
1014 3746 1050 3798 ad
1078 3748 1209 3815 [uqitioos
1237 3744 1369 3797 iuvandos

271 3813 420 3883 complures
447 3812 511 3883 (55).
555 3819 642 3869 Casus
668 3816 827 3871 eorumdem.
869 3818 1028 3878 Stramiitsa
1056 3826 1081 3869 et
1109 3818 1255 3870 lielenicus
1273 3816 1370 3868 nolunt

270 3902 300 3938 se
325 3884 428 3937 dedere.
472 3886 657 3941 Protostrator
682 3890 718 3941 ad
740 3891 849 3957 {tuoium
880 3890 994 3957 Niqrum
1026 3891 1159 3941 seniorem
1186 3890 1287 3941 uincit:
1319 3904 1370 3938 nec

271 3956 392 4009 laetatur
420 3960 551 4012 oictorice
575 3963 668 4011 nuntio
698 3962 801 4013 iunior.
847 3960 951 4012 Foedus
976 3976 1036 4010 oum
1059 3961 1150 4012 lloeso
1175 3978 1256 4012 senec
1283 3959 1369 4026 sacitq

272 4026 307 4080 ad
327 4028 417 4078 urbem
442 4032 533 4081 iunior
562 4032 675 4095 accedit,
701 4049 794 4102 pacem
816 4035 914 4084 iterum
938 4033 1087 4099 iterumque
1111 4034 1187 4099 petit.
1226 4031 1287 4083 Duo
1306 4029 1370 4097 ple-

272 4099 326 4151 leii
346 4100 600 4169 Constantinopolin
622 4102 737 4170 produnt
760 4100 825 4171 (56).
865 4103 994 4154 Pulcrum
1020 4104 1168 4171 eoemplurn
1193 4103 1370 4155 Christianae

272 4172 486 4225 mansuetudinis
505 4174 674 4227 Andronicus
693 4178 792 4226 minor·
828 4174 1016 4226 Proditorilus
1033 4176 1184 4243 praemium
1211 4174 1289 4225 condi
1307 4188 1370 4223 num

272 4244 450 4311 promittitur.
488 4246 594 4297 Moesus
612 4244 648 4298 ad
665 4247 781 4313 confinia
803 4249 896 4314 copias
915 4245 1032 4297 adducit.
1078 4247 1166 4315 Nepos
1185 4246 1262 4298 alise
1280 4192 1369 4311 iopas

273 4313 402 4367 decernit.
448 4316 596 4379 Quaeritur
622 4335 671 4369 cur
699 4320 755 4369 tria
780 4316 872 4369 millia
898 4320 1015 4387 equitum
1042 4337 1060 4368 a
1084 4320 1183 4370 Moesis
1208 4316 1371 4384 Byzantium

273 4387 366 4438 missa.
410 4388 483 4441 Aous
506 4390 679 4443 monitionem
695 4388 728 4440 de
749 4388 872 4459 periculo
898 4387 1041 4458 vilipendit
1065 4384 1133 4455 (57).
1181 4388 1371 4456 interroqotur
