3025 4900
274 329 326 428 ιλ
403 453 406 458 ⁴
673 318 978 439 maronam

109 527 141 580 Α.
150 523 179 582 c.
187 523 258 582 1a20
266 517 324 579 soii
344 512 461 590 παιδός
479 513 610 602 τελευτηῖ
631 513 687 578 καί
708 511 803 590 αότδς
829 515 862 579 ἐν
890 516 1125 603 Θεσσαλονίκῃ,
1154 514 1260 601 τρίτον
1284 521 1367 604 πρδς

266 615 501 700 τεσσαράκοντα
519 613 638 699 χρόνον
662 610 747 699 otyor
767 617 823 698 τῆς
842 613 968 698 ἡλικίας
974 666 984 697 ,
1016 616 1107 693 ἔτους
1128 616 1256 681 imoimo
1285 619 1367 704 πρός

266 725 332 795 τοῖς
353 714 454 782 εἴκοσι
474 719 531 781 καί
545 710 744 790 ὀκτακοσίοις
764 715 820 780 καί
837 709 1072 799 ἑξακισχιλίοις,
1094 715 1254 802 δωδεκάτῃ
1267 719 1369 803 μηνὸς

267 818 457 904 όκτιοβρίου,
480 815 586 906 ἡμέρᾳ
607 815 716 902 πριότῃ
738 818 793 901 τῆς
816 809 1002 902 ἑβδομάδος.
1024 819 1143 884 τοότοιν
1166 811 1248 879 οδτω
1271 839 1373 899 συντ-Ι

265 917 454 1000 regaturne,
476 917 660 1003 ἀγγέλλεται
680 919 727 1002 τῷ
749 920 883 998 βασιλεῖ
892 919 1082 1007 ’Λνδρονίκῳ
1098 921 1145 1006 τῷ
1154 918 1211 981 τοῦ
1224 923 1386 985 ansteo-o

265 1017 394 1101 τηκότος
414 1018 513 1104 πατρί
533 1013 554 1101 ἦ
576 1018 633 1081 τοῦ
650 1017 810 1099 βασιλέως
832 1020 888 1086 καί
908 1020 981 1087 οἱοῦ
1002 1017 1148 1103 τελευτη,
1177 1018 1234 1082 καί
1249 1017 1369 1104 χρόνον

266 1117 329 1200 μέν
347 1141 417 1183 τινα
441 1116 561 1199 συχνόν
582 1117 755 1202 ἐπένθησεν
776 1117 831 1183 ἐπί
849 1124 896 1208 τῷ
909 1125 1042 1204 βασιλεῖ
1053 1123 1109 1186 καί
1126 1122 1228 1185 παιδί·
1254 1119 1368 1208 οὐγὰρ

268 1215 370 1304 ἄκρας
381 1215 526 1300 ἔψαυσεν
539 1217 638 1283 αὐτοῦ
650 1217 788 1304 καρδίας
799 1217 820 1304 ἦ
832 1223 890 1285 τοῦ
898 1223 998 1286 καλοῦ
1009 1220 1124 1300 παιδός
1137 1221 1273 1306 τελευτίγ
1298 1219 1368 1290 εἶτα

269 1321 419 1402 δαίμονός
437 1345 521 1396 τινος
534 1323 597 1384 τῶν
618 1317 838 1400 ἕξητασμένων
857 1321 912 1387 ἐπί
934 1327 1054 1413 φθορᾷ,
1073 1322 1159 1408 βαρὺ
1180 1323 1235 1415 καί
1257 1320 1368 1410 ἄγριον

236 1415 349 1489 θνατὰ
365 1423 421 1504 τῆς
433 1418 602 1506 Ῥοιμαίων
617 1419 809 1498 πνεύσαντος
825 1420 984 1502 εὐτυχίας,
1001 1419 1023 1507 ἢ
1036 1421 1269 1508 τόληθὲστερον
1282 1428 1409 1508 pecii-10

269 1529 324 1585 λον
346 1519 459 1602 εἰπεῖν,
483 1521 580 1584 αότοῧ
598 1523 654 1585 τοῦ
673 1518 713 1585 τό
734 1523 836 1586 πάντα
851 1524 1087 1606 οίκονομοῦντος
1101 1523 1180 1586 θεοῦ
1191 1521 1273 1606 πρὸς
1283 1523 1369 1592 iter-

268 1646 320 1688 σιν
340 1623 403 1686 τοῖν
424 1622 478 1687 ἐπί
492 1620 608 1705 πλήθει
629 1621 685 1685 καί
703 1623 835 1708 μεγέθει
848 1621 883 1688 τό
899 1619 1370 1713 μέτρονδπερβαινόντωνῆμε.

267 1723 369 1810 τέριον
394 1721 593 1810 σφαλμάτων
613 1717 651 1784 τοὶ
674 1724 807 1786 τοιαῦτα
820 1725 1100 1810 παραχαροῦντος,
1122 1722 1176 1788 ἐπί
1188 1727 1262 1788 νοῦν
1274 1724 1369 1812 ἔρχε-

268 1849 323 1889 ται
343 1826 391 1912 τρῖ
412 1827 545 1906 βασιλεῖ’
560 1821 765 1910 Ἀνδρονόιιρ,
786 1822 841 1890 τόν
862 1826 922 1908 μὲν
943 1827 1130 1890 καθεστῶτα
1157 1824 1294 1904 βασιλέα
1314 1823 1370 1892 τόν

269 1921 396 2010 ἔγγονον
421 1923 518 1988 aizoi
537 1921 591 1988 τόν
604 1921 674 1987 νέον
685 1921 890 2010 Ἀνδρόνικον
902 1925 1121 2010 ἆποστερῆσαι
1131 1923 1188 2006 τῆς
1200 1925 1409 2004 βασιλείαςῙδ

269 2023 324 2089 καί
336 2025 381 2099 είς
392 2021 522 2088 ίδιιότου
532 2025 733 2107 μεταστῆσαι
750 2031 872 2111 σχῆμα,
892 2027 946 2093 τόν
959 2024 1030 2092 υἱόν
1053 2026 1087 2090 δὲ
1099 2022 1197 2087 αὐτοῦ
1205 2025 1259 2087 τὸν
1270 2027 1367 2089 Κοιν-

269 2132 431 2192 σταντῖνον
443 2125 597 2209 δεσπότην
609 2119 684 2190 ὄντα
696 2130 742 2213 τῷ
757 2129 930 2213 διαδήματι
941 2131 997 2211 τῆς
1009 2127 1177 2210 βασιλείας
1195 2129 1368 2210 κοσμῆσαι.

269 2213 306 2288 οὐ
324 2229 445 2308 μᾶλλον
466 2225 563 2290 αότοῦ
583 2227 694 2290 τοότου
717 2251 752 2312 γε
774 2231 867 2294 ἓνεκα
890 2227 1071 2312 διανοηθείς
1090 2228 1181 2290 τοῦτο
1201 2229 1257 2289 τοῦ
1270 2229 1368 2292 Κων-

236 2324 450 2404 nasamone,
482 2321 604 2410 ἢιδστε
624 2323 658 2391 τὸ
680 2332 736 2411 τῆς
756 2333 924 2412 βασιλείας
947 2327 1072 2410 ἀξίωμα
1096 2327 1152 2389 καί
1178 2325 1223 2400 είς
1249 2325 1303 2391 τδν
1333 2329 1368 2393 ἐκ

268 2427 433 2511 παλλακῆς
456 2425 543 2513 αὐτῷ
566 2423 605 2509 δὴ
627 2430 675 2515 spi
699 2431 930 2516 Καινσταντίνφ
958 2427 1118 2514 προσόντα
1141 2427 1242 2491 παῖδα
1267 2437 1408 2510 μετα-20

266 2531 364 2619 βῆναι
384 2524 601 2613 τόνΜιχαηλ,
622 2526 665 2604 ὥς
687 2528 849 2613 πατρόθεν
870 2530 925 2595 καί
943 2532 975 2607 ἔξ
993 2523 1252 2614 ’όρμονιάςαότιβ
1264 2552 1368 2614 προσ-

268 2634 362 2721 ῇκον,
393 2624 429 2705 δς
456 2628 495 2712 δὴ
519 2627 575 2691 καί
605 2628 766 2715 Καθαρδς
788 2628 970 2713 οἰνόμαοτο,
999 2628 1160 2714 μητρόθεν
1181 2624 1291 2708 λαχών
1311 2628 1369 2713 τὴν

265 2730 386 2813 κλῆσιν.
411 2720 502 2805 οὗτος
516 2725 556 2812 δὴ
573 2722 740 2813 δΜιχαηλ
757 2722 842 2794 εἷλκε
856 2731 915 2813 μὲν
932 2730 987 2795 καί
1000 2727 1057 2804 τὰς
1072 2726 1250 2811 τοῦγένους
1264 2728 1370 2812 πηγὰς

266 2831 300 2893 ἐκ
320 2828 451 2915 ’φαόλης
472 2829 528 2894 καί
549 2828 677 2913 ἀσήμου
698 2829 829 2915 μητρός,
851 2826 890 2915 ἢν
903 2831 938 2895 δὲ
952 2829 1008 2894 καί
1016 2824 1118 2898 τᾶλλα
1131 2824 1216 2907 ἄξιος
1232 2826 1370 2902 οὐδενός.

103 2924 104 2927 “
178 2948 210 3001 v.
221 2944 257 3001 10
266 2924 336 2995 οὔτε
360 2928 423 3015 γόρ
451 2928 578 3017 φόσειος
599 2928 710 3008 ἔτυχεν
732 2928 894 3013 εόραίστου
917 2928 997 3013 πρός
1015 2928 1050 2994 τό
1074 2937 1213 3016 φρονεῖν,
1239 2924 1302 2992 οὔτ’
1315 2930 1409 3011 ε’γ-ἳδ

337 3046 362 3099 1.
382 3044 414 3097 Α.
427 3042 456 3097 C.
472 3044 545 3127 *1321
558 3046 586 3096 in
597 3048 719 3115 margine
730 3046 773 3101 ed.
784 3045 823 3111 Ρ.,
836 3047 917 3099 male.
936 3046 979 3102 15.
990 3045 1120 3115 ἔγγονον.
1139 3045 1228 3115 Vulgo
1239 3040 1369 3111 ἔκγονον.

265 3144 386 3194 nuntium
412 3148 510 3192 octavo
536 3142 595 3207 ipae
619 3142 743 3194 similiter
768 3143 838 3209 apud
857 3141 1074 3194 Thessalonicam
1093 3149 1205 3194 naturae
1231 3140 1368 3203 concedit,

266 3229 363 3265 annum
385 3228 469 3281 agens
496 3214 601 3263 tertium
622 3212 692 3265 ultra
720 3215 969 3281 quadragesimum,
995 3214 1028 3265 ab
1054 3212 1119 3265 orbe
1145 3212 1255 3265 condito
1280 3212 1369 3265 sexies

265 3283 410 3337 millesimo
433 3284 658 3351 octingentesimo
679 3285 810 3335 vicesimo
829 3300 913 3348 nono,
934 3290 1029 3353 quarto
1050 3284 1111 3336 ldus
1122 3280 1261 3346 Octobres,
1279 3285 1368 3350 primo

266 3355 311 3407 dio
330 3354 513 3407 hebdomadis.
552 3350 616 3404 Cum
638 3354 705 3405 haec
730 3355 761 3406 ad
790 3357 879 3407 istunc
902 3357 1009 3407 modum
1034 3358 1201 3420 evenissent,
1226 3355 1369 3407 Androni·

267 3443 313 3479 ona
332 3427 476 3478 aenior'de
498 3426 556 3477 eiua
576 3424 650 3477 obitu
670 3428 771 3477 certior
789 3426 888 3489 iactus,
913 3430 943 3479 in
967 3428 1094 3479 diuturno
1120 3444 1244 3480 moerore
1268 3426 1368 3488 iacuit3

267 3500 295 3550 in
320 3506 415 3565 pectus
440 3499 511 3549 enim
539 3512 617 3564 quam
647 3497 777 3549 altissime
803 3506 855 3549 tanr
880 3498 946 3551 boni
975 3498 1023 3549 iiiii
1050 3514 1161 3550 occasus
1185 3498 1368 3551 descenderat.

266 3568 335 3623 Exin
365 3570 491 3637 quopiam
518 3569 589 3621 malo
615 3568 744 3621 daemone
769 3570 803 3621 de
822 3572 856 3622 iis
876 3571 967 3640 quiin
989 3572 1071 3622 exitio
1091 3570 1246 3622 hominibus
1264 3568 1371 3621 mochi-

266 3640 355 3695 nondo
380 3648 442 3691 sunt
461 3642 616 3705 exercitati,
642 3642 769 3693 adversus
788 3640 968 3694 Romanorum
986 3642 1080 3694 felicio
1098 3650 1218 3709 tempora
1236 3644 1323 3695 dirum
1343 3647 1372 3691 et

268 3715 381 3763 immane
400 3712 529 3777 spirante,
549 3712 687 3779 quinimo,
701 3720 737 3764 'ut
756 3715 848 3766 verius
866 3714 978 3782 loquar,
998 3716 1058 3782 ipso
1077 3715 1231 3766 universam
1250 3721 1369 3766 naturam

266 3790 430 3852 procurante
449 3782 505 3833 Deo
528 3784 559 3835 ad
580 3782 738 3835 delict-orum
758 3793 924 3852 nostrorum,
949 3801 1002 3855 qua
1026 3784 1199 3837 multitudine
1227 3799 1279 3853 qua
1303 3798 1371 3853 gra-

268 3856 351 3907 vitate
370 3854 552 3918 infinitorum,
572 3869 675 3919 poenas
695 3858 858 3923 expetendos
876 3860 1059 3923 permittente,
1077 3855 1252 3933 Andronicus
1271 3856 1370 3907 deere-

267 3934 321 3977 tum
342 3928 393 3976 iam
414 3928 599 3993 imperatorem
619 3936 744 3995 nepotem
770 3945 845 3979 suum
864 3929 1049 3980 Andronicum
1075 3930 1227 3992 iuniorem,
1253 3928 1369 3993 imperio

267 3996 422 4065 spoliatum,
443 3999 470 4049 in
492 3998 612 4049 ordinem
637 4002 734 4065 privati
757 4002 872 4054 hominia
895 4000 1038 4068 redigere,
1061 4016 1092 4051 ac
1112 4015 1160 4066 pro
1186 4015 1218 4051 eo
1237 3998 1371 4050 Constan-

267 4071 353 4121 tinum
381 4068 463 4120 filium
486 4070 622 4137 despotum
649 4072 784 4138 imperiali
809 4072 957 4125 diademate
978 4087 1108 4123 exornare
1131 4072 1290 4133 meditatum
1318 4086 1370 4121 ne-

270 4156 322 4210 que
342 4140 369 4191 id
390 4148 440 4191 tam
462 4142 545 4208 ipsius
567 4139 734 4195 Constantini
760 4160 856 4207 causa,
881 4159 958 4210 quom
978 4150 1007 4194 ut
1024 4143 1170 4210 amplitudo
1197 4144 1371 4209 imperatoria

269 4212 401 4263 etiamad
422 4210 579 4265 Michaelem
600 4230 720 4281 puerum,
742 4218 793 4281 ipsi
815 4212 990 4266 Constantino
1010 4232 1044 4266 ex
1062 4213 1176 4266 catharo
1195 4214 1297 4280 pellice
1318 4229 1370 4264 na-

268 4292 379 4346 tum,1a
403 4300 455 4352 qua
481 4291 507 4336 et
533 4282 659 4337 Catharus
685 4302 835 4354 cognomen
855 4288 974 4351 invenit,
998 4294 1129 4354 tamquam
1148 4285 1236 4338 debita
1258 4301 1272 4336 a
1293 4292 1369 4351 patre

261 4363 289 4407 et
306 4370 354 4421 per
372 4357 549 4425 cognationis
569 4357 707 4409 vinculum
728 4360 840 4411 veniret.
879 4356 929 4409 iiic
948 4359 1033 4426 igitur
1050 4356 1168 4410 michael
1190 4359 1299 4425 generis
1326 4356 1369 4413 soi
1451 4405 1457 4418 ,
