3025 4900
416 371 699 438 titsTOttraaUra
728 375 841 451 1149,
1087 351 1168 452 48ι

94 519 248 602 ἑλεπόλεις
266 523 457 613 προσήγοντο
478 526 539 592 καί,
555 519 650 610 ιῖλλαι
663 527 811 618 μηχαναί
822 527 901 616 πρὸς
916 525 1035 596 δλισσιν
1052 531 1203 600 nitrum.
1215 541 1314 608 Caltl

14 634 16 659 ³
94 627 313 713 ἐξευρημένοι.
354 627 595 712 ἐκπολιορκῆσαι
624 629 659 692 δὲ
685 621 742 692 ούκ
760 627 913 714 ἠδύναντο
929 626 1048 706 αύτούς
1069 633 1122 698 διύ
1140 657 1175 699 τι

14 742 15 757 ’
95 723 305 811 ’καρτερότητα
319 727 433 806 τειχῶν
454 727 511 790 καί
525 724 560 790 τδ
581 724 748 810 εὐρώστως
763 724 941 807 ἀμύνεσθαι
954 728 1112 806 Λατίνους
1123 733 1178 800 καί

14 832 15 839 ’
95 824 141 910 μή
157 825 324 892 ἐνδιδόναι.
351 827 564 909 μηκυνομένης
579 827 615 890 δὲ
636 827 692 910 τῆς
714 826 895 912 πολιορκίας
916 828 971 892 έπί
986 833 1092 911 πλέον,
1109 832 1178 897 ἐπεὶ

14 932 15 939 ’
78 922 161 1009 5ὅ,τε
182 934 270 1000 σῖτος
291 923 398 998 αύτοῖς
414 927 512 990 ἐνέδει
532 919 594 1010 ἤδη
605 976 614 1007 ,
645 924 701 990 καί
715 925 772 1010 τὴν
795 926 976 1012 πολιορκίαν
994 927 1177 997 ύπώπτευον

97 1027 135 1092 ού
158 1027 281 1108 ταχέως
300 1024 407 1089 λύσειν
426 1026 559 1107 βασιλέα
583 1024 658 1112 πρίν
680 1019 702 1110 ἢ
724 1027 805 1113 λιμῷ
826 1020 847 1111 ἢ
866 1029 1055 1120 τειχομαχίρι
1074 1056 1179 1117 παρα-

97 1126 246 1210 στήσεται
268 1117 404 1205 αύτούς,
425 1123 649 1208 μηχανώμενοι
668 1123 705 1189 τὸ
727 1123 782 1190 ἐπὶ
804 1126 931 1191 πλείονα
956 1124 1069 1213 χρόνον
1090 1130 1180 1196 οἷντι-

96 1226 239 1310 σχήσειν,
247 1221 321 1299 τούς
339 1227 399 1305 μέν
415 1224 599 1304 Ῥωμαίους
614 1217 682 1317 δσοι
690 1221 840 1290 Φώκαιαν
854 1224 1010 1313 κατῴκουν
1022 1228 1204 1313 έξήλασανλλ

96 1321 289 1412 πανοικεσιρι,
301 1317 396 1389 adres*
409 1319 615 1388 diedecima
631 1321 686 1388 καί
703 1319 763 1388 ὅσα
774 1327 865 1410 ἓτερα
882 1318 921 1409 ἧν
935 1326 1095 1412 ἐπιτήδεια
1110 1353 1181 1393 συν-

14 1438 15 1447 ’
58 1417 283 1507 ιοαγαγύντες,
309 1423 471 1506 εἰσήγαγον
485 1423 531 1497 εἰς
552 1420 610 1507 τήν
630 1419 814 1506 ἀκρόπολιν,
835 1420 873 1508 ἢν
887 1424 979 1490 αύτοί
992 1424 1181 1512 ἐφρούρουν,

14 1530 15 1535 ’
98 1519 156 1587 καί
174 1519 331 1606 χρώμενοι
354 1521 459 1598 αύτοῖς
472 1523 632 1603 ύπέμενον
652 1519 709 1606 τῆν
729 1525 919 1608 πολιορκίαν.
936 1525 1129 1609 διατρίβοντί
1148 1550 1182 1591 τε
1235 1511 1237 1518 ,
1262 1510 1265 1518 ¹

14 1640 15 1657 *
98 1619 181 1686 κατὰ
198 1621 254 1706 τῆν
269 1622 419 1685 Φώκαιαν
431 1619 561 1704 βασιλέϊ
578 1618 608 1685 οῖ
621 1624 678 1686 τού
694 1615 815 1706 Ἀίτίνη
829 1625 947 1704 παῖδες,
962 1621 996 1698 ὃς
1010 1617 1050 1709 ἦν
1064 1623 1184 1710 σατρύ-

14 1736 16 1759 ³
98 1746 161 1806 πης
177 1721 306 1812 Ἰωνιας,
320 1717 428 1806 Χετύρ
444 1719 499 1785 καί
514 1719 651 1808 Ἆμούρ,
673 1715 708 1786 ὃν
721 1718 903 1806 φθάσαντες
924 1721 1077 1807 πρότερον
1098 1722 1184 1809 εἰρή-

14 1836 16 1859 '
99 1845 198 1902 καμεν
211 1818 312 1908 στύλιρ
324 1822 610 1885 καταπεπλευκέναι
621 1821 678 1896 ἐἰς
694 1820 829 1908 Θρᾴκην,
849 1824 905 1885 καί
926 1821 1030 1908 τρίτος
1049 1826 1185 1886 Σουλαϊ-

14 1930 16 1957 ²
59 1919 205 2004 τὸμύσας
227 1919 456 2002 ὠνομασμένος,
478 1915 657 2006 προσῆλθόν
670 1943 703 1984 τε
720 1917 801 1983 κατὰ
827 1923 936 2006 φιλίαν
956 1923 1011 1986 καί
1032 1921 1184 2006 προσεκύ-

97 2042 200 2104 νησαν
215 2018 271 2082 καί
286 2017 503 2102 ἐπηγγείλαντο
517 2010 604 2083 εὖνοι
622 2015 752 2084 ἔσεσθαι
770 2019 825 2082 καί
840 2018 927 2105 φίλοι
939 2023 1072 2102 βασιλεῖ,
1091 2023 1185 2102 βασι.

95 2113 172 2192 λεύς
184 2141 219 2181 τε
234 2111 352 2193 αύτούς
366 2121 422 2202 τῆς
434 2113 559 2194 εύνοίιις
572 2121 661 2182 ἕνεκα
676 2116 790 2203 δώροις
805 2089 1020 2201 ύμειφύμεύος
1032 2120 1087 2182 καί
1098 2119 1185 2202 εδερ-

96 2215 228 2300 γεσίαις,
250 2216 356 2282 οἴκαδε
381 2211 572 2283 ἀπέστειλεν.
600 2220 636 2283 έν
648 2217 772 2294 τούτοις
790 2217 826 2279 δὲ
847 2210 945 2282 ὄντων
965 2219 1027 2282 τών
1040 2212 1207 2302 πραγμύ-ς)

95 2339 181 2398 των,
215 2315 381 2398 ἠγγέλλετο
402 2317 438 2378 ἐκ
458 2314 635 2393 Βυζαντίου
654 2320 783 2396 βασιλεῖ
808 2314 853 2389 uic
873 2316 908 2378 έκ
929 2319 960 2379 Γ
958 2304 1084 2390 εννούας
1104 2311 1186 2380 κατύ

54 2439 172 2489 aomo
202 2410 315 2498 ἑτέραν
343 2413 457 2498 χρείαν
487 2411 628 2497 τριήρεις
656 2406 820 2478 ἑκκαίδεκα
849 2405 1025 2499 προσέσχον
1047 2414 1079 2477 Γ
1077 2414 1187 2501 αλατᾷ,

94 2506 148 2579 ὧν
169 2515 213 2600 τῷ
239 2508 389 2597 ναυάρχῳ
419 2510 551 2587 καὶτοῖς
570 2511 781 2597 τριηράρχοις
802 2515 884 2589 τινὲς
906 2514 968 2576 τών
988 2511 1076 2597 παρύ
1101 2508 1187 2575 ‘Pur-

94 2598 221 2695 μαίοις
235 2612 401 2696 ἐπιφανῶν
429 2609 537 2696 κρύφα
567 2611 803 2696 διαλεχθέντες,
832 2608 960 2677 ἔπεισαν
992 2609 1105 2695 δώροις
1133 2612 1189 2673 καί
1252 2624 1254 2633 “

96 2710 294 2793 ὑποσχέσεσι
310 2713 437 2786 πολλαῖς
456 2710 793 2795 προσεταιρισαμένους
814 2712 869 2777 καί
888 2707 945 2785 τὰς
968 2704 1079 2783 λυιπδς
1097 2706 1130 2784 ἓξ
1152 2704 1190 2772 αἵ

175 2871 220 2926 ιο.
234 2870 339 2923 sonan
355 2869 640 2936 lustusamans
658 2854 807 2923 sumana
824 2869 939 2923 vivente.
975 2870 1035 2924 τυ.
1052 2870 1083 2923 r.

100 3000 264 3062 duraverat,
284 3008 313 3053 et
332 3000 468 3054 Phocaeae
485 3000 646 3070 praesertim
662 2999 806 3052 tormentis
824 2998 974 3049 muralibus
998 2995 1186 3067 machinisque

100 3071 311 3139 oppugnatoriis
339 3070 434 3123 crebra
459 3078 517 3123 erat
535 3079 564 3122 et
580 3070 671 3123 valida
688 3070 827 3121 moenlum
851 3065 976 3121 adhibita
1001 3070 1186 3139 oppugnatio:

99 3157 158 3193 aree
176 3148 266 3194 umen
284 3151 397 3213 propter
420 3141 586 3194 soliditatem
602 3150 631 3194 et
649 3139 723 3213 quod
741 3140 833 3193 Latini
852 3138 961 3191 sortiter
978 3144 1188 3207 constanterque

100 3226 136 3263 se
153 3217 310 3276 tuerentur,
330 3214 478 3283 expugnari
495 3219 612 3283 poterat,
630 3210 685 3264 Sed
703 3229 764 3263 cum
783 3208 892 3265 obsidio
911 3208 1106 3331 produceretur
1122 3208 1189 3260 lon-

100 3280 182 3351 gius,
209 3284 337 3353 qnoniam
355 3300 401 3335 eos
421 3291 585 3335 commeatus
609 3284 662 3336 iam
681 3282 850 3335 destituebat
870 3289 898 3332 et
937 3288 1008 3332 ostes
1037 3279 1072 3330 ab
1097 3294 1188 3349 oppu-

101 3351 236 3421 gnatione
252 3370 309 3405 non
322 3362 386 3407 ante
405 3352 540 3406 desituros
558 3353 773 3423 suspicabantur,
789 3368 869 3424 quam
888 3352 941 3420 ipsi
959 3350 1031 3401 lame
1043 3357 1090 3402 aut
1107 3349 1188 3401 armis

100 3421 306 3491 subigerentur,
325 3422 454 3495 quiddam
480 3424 627 3477 machinati
642 3432 726 3487 sunt,
744 3441 799 3495 quo
818 3439 847 3475 se
866 3422 937 3473 tueri
952 3420 1056 3472 diutius
1068 3426 1188 3487 possent.

100 3494 241 3546 Romanos
267 3502 407 3565 quotquot
424 3494 571 3546 Phocaeam
592 3494 769 3557 incolebant,
797 3510 880 3544 uuum
902 3506 1018 3561 uemque
1044 3498 1101 3543 tota
1125 3506 1187 3541 eum

102 3560 189 3614 domo
208 3573 372 3633 exegerunt:
399 3580 533 3616 annonam
557 3568 718 3636 corporique
743 3510 1076 3633 sustentando'rcquisita
1093 3560 1122 3611 in
1143 3577 1188 3610 ar-

102 3648 178 3694 cem,
197 3635 333 3701 praesidio
356 3650 372 3684 a
397 3650 427 3685 se
451 3636 598 3697 munitam,
616 3636 685 3686 colle
704 3644 784 3687 eruut
802 3641 829 3685 et
848 3639 1063 3701 comportarunt:
1083 3628 1185 3699 quibus

100 3703 278 3768 victitantes,
296 3702 468 3757 obsidionem
486 3705 643 3761 tolerarent.
681 3654 723 3756 hd
740 3707 931 3775 imperatorem
949 3701 1023 3770 apud
1040 3698 1187 3752 Phocaeam
1216 3698 1219 3708 '

102 3772 161 3824 filii
182 3774 281 3827 hitinis
308 3776 400 3827 Ioniae
426 3782 565 3843 satrapae,
593 3774 724 3827 Chetcrus
748 3783 777 3827 et
794 3774 920 3825 Amarius
949 3770 1042 3842 (quem
1058 3786 1138 3839 supra
1156 3772 1186 3823 in

101 3840 251 3895 Thraciam
269 3846 353 3897 classe
372 3845 515 3897 derectum
532 3844 684 3915 docuimus)
702 3852 731 3895 et
742 3846 840 3896 tertius
851 3842 1012 3893 Sulaimasas
1023 3842 1185 3910 appellatus,

103 3913 247 3965 amicitiae
267 3930 328 3986 ergo
346 3915 481 3978 venians,
506 3932 622 3987 eumque
639 3916 779 3976 venerati,
803 3912 1022 3965 benevolentiam
1045 3929 1078 3965 ae
1103 3910 1186 3962 lislam

103 3982 282 4053 pollicentur.
324 3986 400 4054 Quos
424 3986 473 4037 ille
490 3985 569 4038 donis
592 4003 623 4037 ac
646 3985 805 4039 muneribus
824 3986 931 4036 allectos
950 3983 1058 4035 domum
1074 3983 1184 4033 remisit

104 4056 142 4105 lu
158 4052 211 4105 hoc
230 4070 319 4106 rerum
336 4065 409 4109 statu
427 4057 557 4123 Byzantio
576 4059 734 4118 nuntiatur,
753 4054 848 4106 Genua
858 4053 975 4106 sedecim
993 4055 1115 4106 triremes
1133 4052 1186 4101 alia

106 4122 228 4193 quadam
248 4124 283 4176 de
302 4142 380 4178 causa
399 4127 523 4179 Galatam
540 4127 656 4198 appelli3
681 4142 796 4197 quorum
816 4141 876 4176 eum
901 4124 1038 4177 nauarcho
1072 4132 1100 4174 et
1122 4122 1187 4171 trie-

106 4192 211 4247 rarchis
234 4194 346 4268 quidam
365 4195 473 4249 nobiles
491 4196 604 4249 Romani
629 4197 698 4249 clam
723 4196 870 4265 collocuti,
898 4195 976 4248 donis
1003 4201 1032 4246 ct
1047 4189 1186 4261 promissis

106 4265 202 4317 multis
227 4283 274 4319 eos
298 4267 480 4337 pellexerint,
505 4275 537 4320 ut
560 4266 695 4321 adiunctis
721 4268 805 4321 etiam
822 4284 869 4321 sex
887 4267 964 4329 aliis,
982 4281 1050 4336 quas
1068 4261 1183 4313 Galatae

180 4370 400 4427 camacum.
958 4366 991 4425 dr
