3025 4900
492 357 774 436 ulstoultubn
801 377 828 438 ι.
856 381 908 445 ts.
997 446 1002 455 ,
1153 379 1230 466 197

154 529 220 598 τούς
243 521 401 608 πλήθεσιν
424 521 653 593 ἐπιδεικνύουσι
672 523 727 591 τόν
744 532 878 610 βασιλέα
898 530 1054 596 πάντοθεν
1069 533 1370 618 notiora-acutis

151 625 269 702 μένοις.
289 623 579 706 ε’πευφημησόντων
607 627 642 688 δέ
674 625 798 724 αότρόν,
829 630 1014 701 καταθέντες
1033 622 1162 714 ἄγουσιν
1187 634 1233 708 εἰς

152 717 210 784 τόν
224 717 319 800 ναόν,
339 715 419 784 ἔνθα
435 723 489 783 δεῖ
500 719 559 806 την
578 721 702 806 τελετὴν
717 727 875 806 γενέσθαι.
896 720 1033 792 σίνισκου
1050 729 1079 791 δ’
1093 730 1127 793 έν
1146 729 1233 816 αύτῷ

153 817 280 892 ξυλίνου
298 819 355 900 τῆς
373 815 519 901 τοιαύτης
535 821 624 884 ἕνεκα
650 825 761 906 χρείας
784 829 1152 908 προκατεσκευασμένου,
1178 824 1234 892 τόν

133 919 225 986 §rior
246 913 408 998 εἰσάγουσι
434 920 585 999 βασιλέα,
613 919 668 983 καί
689 917 745 1004 τὴν
765 920 934 1006 πορφύραν
952 922 1006 986 καί
1030 922 1068 986 τό
1092 921 1234 1007 διάδημα

153 1009 393 1094 ε’νδιδόσνουσι,
432 1011 669 1100 πρότεροντῶν
702 1013 878 1103 οἷρχιερέων
901 1021 1111 1104 εόλογοόντων
1140 1017 1234 1086 oiri.

154 1110 210 1175 ἐπὶ
231 1113 266 1174 δὲ
284 1113 338 1195 τῆς
360 1116 498 1197 κεφαλῆς
524 1109 561 1176 ού
584 1119 805 1197 νενομισμένα
821 1118 1022 1202 περιτίθεταί
1040 1144 1093 1201 τι,
1123 1113 1232 1204 ἀλλ’ἢ

145 1199 325 1304 στέφανός,
345 1203 368 1295 ἢ
387 1207 448 1292 ό,τι
465 1206 504 1276 όν
520 1204 595 1276 όλλο
614 1216 698 1300 δοιῇ.
716 1214 834 1280 τούτων
857 1218 892 1280 δέ
906 1221 1092 1300 γινομένων,
1111 1218 1132 1302 ἦ
1151 1222 1252 1288 θείαΒ

154 1315 288 1374 τελεῖται
299 1310 512 1393 μυσταγωγία.
534 1310 668 1393 ἐχόμενα
696 1315 731 1378 ot
755 1317 813 1378 τοῦ
836 1317 1001 1400 εἰρημένου
1020 1317 1158 1382 οἰκίσκον
1178 1315 1235 1382 καί

117 1404 325 1494 ιοόναβόθρα
345 1407 380 1471 έν
392 1404 493 1485 ξύλων
511 1413 836 1494 προνατασνευόζεται
853 1415 908 1476 καί
929 1407 1022 1497 asico),
1042 1415 1098 1479 καί
1113 1437 1244 1500 περιει-.

153 1510 264 1572 λοῦσιν
281 1503 381 1592 αότῆν
402 1503 556 1572 πάντοθεν
569 1511 699 1584 πέπλοις
720 1513 863 1594 Σηρικοῖς
887 1512 1055 1596 έρυθροῖς·
1081 1512 1231 1598 ύιτερόνω

153 1607 190 1669 δέ
213 1603 312 1688 αὐτῆς
332 1601 411 1670 sart
438 1603 493 1670 τόν
521 1604 661 1692 α’ριθμόν
682 1609 745 1671 τεόν
769 1611 926 1689 βασιλέων
950 1611 1091 1674 τίθενται
1118 1612 1230 1695 θρόνοι

153 1711 276 1787 χρυσοῖ
299 1703 338 1766 ού
360 1701 439 1767 nurci
464 1701 535 1780 τούς
555 1704 723 1786 εἰωθότας,
755 1701 823 1770 ἄλλ’
841 1706 1011 1791 ἐπηρμένοι
1032 1709 1170 1790 μάλιστα
1187 1712 1232 1795 τῷ

153 1796 242 1882 όψει,
263 1791 450 1886 τέτταραςῆ
467 1801 521 1866 καί
538 1807 627 1867 πέντε
645 1801 770 1885 ἔχοντες
787 1801 1001 1886 ἀναβασμούς,
1021 1807 1073 1890 ἔφ’
1088 1803 1151 1887 οὓς,
1169 1807 1232 1883 ἕξι-

117 1895 242 1974 ι5όντες
257 1903 314 1963 τοῦ
334 1900 482 1982 οῖκισκου,
511 1901 728 1986 ἀναβαίνοντες
747 1903 932 1981 καθίζουσιν
956 1902 986 1966 οἱ
1002 1908 1152 1986 βασιλεῖς,
1190 1897 1249 1988 ἦν’
1297 1961 1302 1969 ,
1372 1955 1377 1968 ,

152 2021 188 2080 γε
206 1995 252 2081 μη
269 1993 330 2078 εἷς,
355 1995 435 2064 ἄλλό
455 1999 579 2076 πλείους
602 1993 670 2066 σόαι
686 2006 981 2085 συναναβαίνουσαι
995 2004 1030 2068 δὲ
1048 2003 1156 2079 αύτοῖς
1177 2009 1233 2069 καί

154 2093 188 2158 αἱ
200 2097 370 2177 βασιλιδες,
391 2099 576 2178 καθίζουσιν
591 2099 643 2163 ἐπὶ
656 2098 792 2184 θρόνων,
807 2097 843 2163 αῖ
858 2102 919 2182 μὲν
930 2103 1178 2187 προεστεμμέναι
1192 2099 1234 2166 τό

152 2196 319 2274 πέμματα
334 2198 562 2282 περικείμεναι,
581 2197 602 2282 ἦ
619 2200 779 2280 μέλλουσα
795 2202 830 2264 δὲ
848 2201 1140 2285 στεφανηφοροῦσα
1166 2196 1262 2283 πρός)

153 2295 189 2357 δὲ
213 2296 270 2378 τῆς
288 2295 346 2357 τοῦ
368 2297 531 2380 τρισαγίου
550 2296 642 2371 θείοις
671 2293 858 2380 όμνολογιόις
877 2290 996 2363 όνεισιν
1018 2296 1074 2361 ins*
1093 2295 1147 2362 τόν
1166 2290 1229 2376 όμ-

115 2397 241 2473 lotura
256 2391 273 2457 ό
287 2389 480 2481 πατριάρχης
497 2395 557 2459 τῶν
571 2390 698 2461 όδότων
717 2395 815 2475 έξιιόν.
834 2399 1077 2485 συνανέρχονται
1092 2399 1129 2464 δὲ
1141 2399 1228 2487 adripi

152 2495 206 2557 ναί
223 2496 286 2556 τεόν
301 2494 358 2577 τῆς
374 2494 536 2577 ένκλησίοίς
553 2490 715 2579 α’ρχόντων
731 2493 761 2559 οἱ
779 2498 1033 2582 ἐπιφανέστερα,
1061 2496 1118 2573 τὰς
1141 2496 1228 2583 ἱερός

153 2594 206 2655 ναί
229 2589 324 2655 adrui
344 2590 542 2671 ἐνδεδυμένοι
559 2590 682 2668 στολάς·
703 2592 760 2669 σός
788 2594 985 2661 ἄποστέλλων
1007 2601 1228 2681 προσκαλεῖται

151 2685 227 2765 τούς
250 2691 411 2771 βασιλέας.
433 2685 463 2753 οἱ
483 2690 514 2751 δ’
538 2686 638 2765 edisio
663 2690 902 2777 ἐξανιστάμενοι
925 2696 988 2759 τῶν
1003 2689 1146 2779 θρόνων,
1174 2694 1230 2759 ἐπὶ

153 2880 286 2965 dignitate
306 2882 439 2934 onustant
454 2880 582 2951 ‹lespotoc
602 2888 629 2934 ot
647 2882 883 2951 sebastocratores,
900 2885 924 2939 si
937 2890 1010 2947 sunt,
1027 2881 1131 2953 alioqui
1150 2879 1228 2949 prin-

152 2968 175 3002 ει
197 2969 243 3001 um
259 2950 443 3015 nobilissimi,
469 2954 613 3021 ipsumque
642 2969 701 3003 cum
721 2964 797 3007 scuto
815 2958 845 3007 in
865 2957 949 3006 altum
968 2962 1097 3024 quantum
1114 2957 1229 3020 possunt

149 2970 291 3083 tabentes,
309 3020 432 3091 undique
450 3016 610 3075 circumfuso
627 3024 729 3092 populo
747 3031 894 3075 ostentant.
929 3026 992 3074 Post
1009 3025 1122 3072 faustam
1139 3021 1227 3070 acela·
1286 3038 1290 3046 ¹

151 3092 301 3143 mationem
324 3106 386 3141 eum
411 3092 566 3161 deponunt,
591 3102 675 3163 atque
699 3094 728 3144 in
747 3092 896 3160 templum,
919 3093 950 3145 in
973 3107 1026 3161 quo
1047 3090 1154 3141 solenni
1172 3089 1227 3139 ritu

150 3160 321 3213 coronandus
340 3170 390 3223 cst,
408 3162 552 3214 deducunt.
588 3162 640 3214 Ubi
653 3163 770 3239 parvula
787 3163 902 3225 domus,
917 3160 954 3212 ad
972 3159 1046 3211 hunc
1060 3175 1138 3209 usum
1158 3174 1173 3209 e
1191 3158 1229 3207 li-

150 3248 202 3301 gno
223 3239 398 3300 praeparata,
428 3233 456 3283 in
482 3248 562 3302 quarn
585 3232 768 3284 introducitur
798 3247 884 3283 novus
913 3232 1073 3300 imperator:
1100 3227 1141 3279 ihi
1166 3244 1228 3278 eum

149 3318 272 3370 purpura
291 3309 319 3353 et
338 3301 490 3354 diademate
507 3304 581 3371 prius
601 3320 650 3371 pcr
668 3303 810 3371 episcopos
832 3301 995 3354 consecratis
1011 3298 1137 3353 induunt
1174 3296 1228 3348 Ca-

150 3373 203 3439 piti
222 3388 280 3422 non
301 3381 403 3423 certum
422 3372 489 3441 quid
506 3388 538 3422 ac
563 3370 705 3424 definitum
733 3373 901 3442 imponitur,
927 3369 976 3422 scd
999 3369 1043 3420 rel
1066 3374 1166 3419 sertum
1183 3368 1228 3419 vel

150 3440 243 3505 aliud,
262 3440 336 3513 qnod
356 3440 471 3492 videtur.
491 3442 562 3493 Dum
580 3442 646 3493 buce
660 3444 736 3503 liunt,
749 3450 839 3492 cancta
854 3443 933 3492 missa
950 3438 1085 3512 babetur!
1102 3437 1227 3488 Proxime

150 3509 343 3563 domunculam
360 3511 415 3561 iam
433 3510 532 3563 dictam
551 3513 686 3581 pulpitum
704 3527 790 3580 aeque
809 3526 825 3561 e
843 3511 918 3579 ligno
936 3516 1056 3579 paratum
1077 3514 1133 3569 est,
1152 3506 1228 3576 quod

149 3580 275 3651 undique
296 3580 364 3631 velis
389 3581 481 3632 scricis
504 3582 593 3633 rubris
615 3581 802 3637 cirusmdatur.
844 3580 930 3649 Super
953 3580 1002 3631 illo
1028 3577 1121 3629 throni
1140 3578 1227 3629 collo-

149 3660 246 3702 cuntur
261 3651 337 3700 nurci
355 3666 404 3719 pro
422 3652 612 3719 imporatorum
625 3666 753 3701 nurnero:
777 3666 833 3704 non
849 3650 942 3721 quoles
955 3650 1004 3701 alii
1023 3646 1115 3701 corum
1132 3646 1227 3699 throni

150 3722 232 3783 sunt,
262 3719 310 3771 scd
343 3720 441 3771 excelsi
472 3720 616 3772 admodum
641 3736 700 3771 cum
725 3728 841 3791 quatuor
863 3729 911 3771 aut
944 3720 1066 3790 quinque
1089 3718 1227 3788 gradibus,

150 3806 219 3858 quos
239 3788 381 3841 domicilio
401 3792 499 3860 egressi
520 3792 709 3859 imperatores,
734 3790 755 3840 si
781 3790 874 3858 plnres
897 3790 1014 3852 luerint,
1041 3787 1227 3852 conscendunt

151 3866 179 3909 ct
196 3861 225 3910 in
246 3859 280 3909 iis
298 3860 450 3911 considunt„
486 3858 643 3912 decendunt
659 3859 809 3911 tabulatum
827 3859 906 3909 simul
923 3860 1107 3927 imperatrices
1124 3867 1225 3910 etsuos

152 3928 217 3979 itcm
234 3926 349 3980 thronos
368 3939 512 3998 occupant:
531 3948 600 4001 quoe
619 3930 694 3999 prius
711 3936 852 3981 coronatae
877 3928 999 3993 fuerant,
1016 3944 1157 3992 coronam
1175 3943 1224 3977 ro-

150 3998 270 4049 ronanda
294 4008 385 4051 autem
402 4007 502 4051 sertum
523 4002 551 4051 in
568 4000 656 4068 capito
673 4000 770 4051 serena.
806 3999 861 4048 lam
876 4013 940 4051 vero
956 4008 1100 4069 antequam
1115 3998 1225 4049 dirlnns

150 4068 255 4137 trisagii
274 4066 390 4135 hymnus
408 4069 585 4132 decantetur,
614 4084 647 4121 ex
671 4067 759 4134 adytis
777 4068 917 4138 egrediens
935 4067 1101 4138 patriarcha,
1128 4065 1226 4118 ambo-

149 4152 210 4189 nem
249 4135 307 4189 sive
337 4154 439 4191 sacrum
458 4147 609 4207 suggestum
634 4136 773 4200 ascendit,
799 4156 859 4189 cnm
877 4137 1072 4191 illustrioribus
1094 4135 1226 4188 ecclesiae

151 4205 341 4276 principibus,
388 4209 416 4259 ui
435 4217 464 4260 et
483 4210 535 4277 ipsi
556 4210 638 4261 sncris
653 4208 729 4261 stolis
747 4211 868 4277 cooperti
883 4218 959 4271 sunt,
977 4224 1045 4279 qnos
1059 4205 1092 4257 ad
1109 4207 1225 4271 impera-

151 4284 222 4330 toras
243 4224 420 4333 accusandos
436 4280 529 4332 mittit
567 4279 612 4331 llll
631 4278 775 4332 confestim
795 4280 901 4334 esoliis
916 4286 1065 4349 surgentes,
1082 4275 1116 4327 sd
1131 4271 1228 4324 anba-

921 4378 932 4402 O
