<?xml version="1.0" encoding="UTF-8"?>
<!DOCTYPE html PUBLIC "-//W3C//DTD XHTML 1.0 Transitional//EN"
    "http://www.w3.org/TR/xhtml1/DTD/xhtml1-transitional.dtd">
<html xmlns="http://www.w3.org/1999/xhtml" xml:lang="en" lang="en">
 <head>
  <title>
</title>
<meta http-equiv="Content-Type" content="text/html;charset=utf-8" />
  <meta name='ocr-system' content='tesseract 3.04.00' />
  <meta name='ocr-capabilities' content='ocr_page ocr_carea ocr_par ocr_line ocrx_word'/>
</head>
<body>
  <div class='ocr_page' id='page_1' title='image "./corpusscriptoru32theogoog_0316.png"; bbox 0 0 3025 4900; ppageno 0'>
   <div class='ocr_carea' id='block_1_1' title="bbox 272 281 982 368">
    <p class='ocr_par' dir='ltr' id='par_1_1' title="bbox 272 281 982 368">
     <span class='ocr_line' id='line_1_1' title="bbox 272 281 982 368; baseline 0.011 -30"><span class='ocrx_word' id='word_1_1' title='bbox 272 285 353 368; x_wconf 77' lang='lat' dir='ltr'><strong>apa</strong></span> <span class='ocrx_word' id='word_1_2' title='bbox 545 329 546 336; x_wconf 11' lang='lat' dir='ltr'><strong>a</strong></span> <span class='ocrx_word' id='word_1_3' title='bbox 665 281 944 349; x_wconf 70' lang='lat' dir='ltr'><strong>cementum</strong></span> <span class='ocrx_word' id='word_1_4' title='bbox 977 304 982 312; x_wconf 92' lang='lat'><strong>·</strong></span> 
     </span>
    </p>
   </div>
   <div class='ocr_carea' id='block_1_2' title="bbox 85 429 1414 2685">
    <p class='ocr_par' dir='ltr' id='par_1_2' title="bbox 125 429 1378 815">
     <span class='ocr_line' id='line_1_2' title="bbox 125 429 1348 520; baseline 0.007 -26"><span class='ocrx_word' id='word_1_5' title='bbox 125 437 190 495; x_wconf 71' lang='lat' dir='ltr'><strong>ec.</strong></span> <span class='ocrx_word' id='word_1_6' title='bbox 204 439 324 508; x_wconf 77' lang='grc' dir='ltr'><strong><em>ιλαδτες</em></strong></span> <span class='ocrx_word' id='word_1_7' title='bbox 340 429 418 520; x_wconf 88' lang='grc' dir='ltr'><strong><em>πρός</em></strong></span> <span class='ocrx_word' id='word_1_8' title='bbox 436 435 590 518; x_wconf 84' lang='grc' dir='ltr'><strong><em>βασιλέως</em></strong></span> <span class='ocrx_word' id='word_1_9' title='bbox 610 433 669 498; x_wconf 79' lang='lat' dir='ltr'><strong>sori</strong></span> <span class='ocrx_word' id='word_1_10' title='bbox 689 433 845 517; x_wconf 85' lang='grc' dir='ltr'><strong><em>πολέμου,</em></strong></span> <span class='ocrx_word' id='word_1_11' title='bbox 874 439 921 514; x_wconf 76' lang='grc' dir='ltr'><strong><em>εἷς</em></strong></span> <span class='ocrx_word' id='word_1_12' title='bbox 939 433 1050 520; x_wconf 82' lang='grc' dir='ltr'><strong><em>λόγους</em></strong></span> <span class='ocrx_word' id='word_1_13' title='bbox 1069 440 1264 520; x_wconf 66' lang='lat' dir='ltr'><strong>aestuamus</strong></span> <span class='ocrx_word' id='word_1_14' title='bbox 1281 445 1348 515; x_wconf 87' lang='grc' dir='ltr'><strong><em>τοῖς</em></strong></span> 
     </span>
     <span class='ocr_line' id='line_1_3' title="bbox 268 527 1349 621; baseline -0.002 -23"><span class='ocrx_word' id='word_1_15' title='bbox 268 533 614 616; x_wconf 78' lang='grc' dir='ltr'><strong><em>συμπολιορκουμένοις.</em></strong></span> <span class='ocrx_word' id='word_1_16' title='bbox 635 533 689 594; x_wconf 82' lang='grc' dir='ltr'><strong><em>καί</em></strong></span> <span class='ocrx_word' id='word_1_17' title='bbox 706 535 838 620; x_wconf 74' lang='grc' dir='ltr'><strong><em>Λοζικῷ</em></strong></span> <span class='ocrx_word' id='word_1_18' title='bbox 857 535 918 615; x_wconf 72' lang='grc' dir='ltr'><strong>μέν</strong></span> <span class='ocrx_word' id='word_1_19' title='bbox 936 537 979 621; x_wconf 82' lang='lat' dir='ltr'><strong>sqi</strong></span> <span class='ocrx_word' id='word_1_20' title='bbox 997 537 1053 619; x_wconf 78' lang='grc' dir='ltr'><strong>τῆς</strong></span> <span class='ocrx_word' id='word_1_21' title='bbox 1073 532 1271 618; x_wconf 81' lang='grc' dir='ltr'><strong><em>ἀκροπόλεως</em></strong></span> <span class='ocrx_word' id='word_1_22' title='bbox 1290 527 1349 620; x_wconf 77' lang='grc' dir='ltr'><strong>ἀρ-</strong></span> 
     </span>
     <span class='ocr_line' id='line_1_4' title="bbox 266 627 1378 717; baseline 0 -21"><span class='ocrx_word' id='word_1_23' title='bbox 266 655 357 714; x_wconf 85' lang='grc' dir='ltr'><strong><em>χοντι</em></strong></span> <span class='ocrx_word' id='word_1_24' title='bbox 372 629 430 694; x_wconf 76' lang='grc' dir='ltr'><strong><em>οδε</em></strong></span> <span class='ocrx_word' id='word_1_25' title='bbox 449 627 574 716; x_wconf 78' lang='grc' dir='ltr'><strong><em>ἔφασαν</em></strong></span> <span class='ocrx_word' id='word_1_26' title='bbox 594 633 668 715; x_wconf 77' lang='grc' dir='ltr'><strong><em>περὶ</em></strong></span> <span class='ocrx_word' id='word_1_27' title='bbox 686 630 742 714; x_wconf 81' lang='grc' dir='ltr'><strong>τῆς</strong></span> <span class='ocrx_word' id='word_1_28' title='bbox 763 632 916 717; x_wconf 76' lang='grc' dir='ltr'><strong><em>σφετέρας</em></strong></span> <span class='ocrx_word' id='word_1_29' title='bbox 930 631 1080 717; x_wconf 76' lang='grc' dir='ltr'><strong>πατρίδος</strong></span> <span class='ocrx_word' id='word_1_30' title='bbox 1091 631 1253 714; x_wconf 75' lang='grc' dir='ltr'><strong><em>βουλεύειν</em></strong></span> <span class='ocrx_word' id='word_1_31' title='bbox 1270 656 1347 716; x_wconf 87' lang='grc' dir='ltr'><strong><em>συγ-</em></strong></span> <span class='ocrx_word' id='word_1_32' title='bbox 1374 667 1378 672; x_wconf 90' lang='lat'><em>·</em></span> 
     </span>
     <span class='ocr_line' id='line_1_5' title="bbox 267 719 1347 815; baseline 0.004 -23"><span class='ocrx_word' id='word_1_33' title='bbox 267 724 439 814; x_wconf 75' lang='grc' dir='ltr'><strong><em>χωρήσειν,</em></strong></span> <span class='ocrx_word' id='word_1_34' title='bbox 461 723 571 814; x_wconf 75' lang='grc' dir='ltr'><strong><em>ἑτέρας</em></strong></span> <span class='ocrx_word' id='word_1_35' title='bbox 601 719 676 792; x_wconf 83' lang='grc' dir='ltr'><strong><em>όντα</em></strong></span> <span class='ocrx_word' id='word_1_36' title='bbox 696 727 816 804; x_wconf 85' lang='grc' dir='ltr'><strong><em>πόλεως</em></strong></span> <span class='ocrx_word' id='word_1_37' title='bbox 845 733 992 814; x_wconf 86' lang='grc' dir='ltr'><strong><em>πολίτην,</em></strong></span> <span class='ocrx_word' id='word_1_38' title='bbox 1021 725 1076 812; x_wconf 79' lang='grc' dir='ltr'><strong>όν,</strong></span> <span class='ocrx_word' id='word_1_39' title='bbox 1104 735 1233 811; x_wconf 85' lang='grc' dir='ltr'><strong><em>βασιλεῖ</em></strong></span> <span class='ocrx_word' id='word_1_40' title='bbox 1248 753 1347 815; x_wconf 89' lang='grc' dir='ltr'><strong><em>προσ-</em></strong></span> 
     </span>
    </p>

    <p class='ocr_par' dir='ltr' id='par_1_3' title="bbox 171 821 1414 1211">
     <span class='ocr_line' id='line_1_6' title="bbox 171 821 1369 917; baseline 0.001 -25"><span class='ocrx_word' id='word_1_41' title='bbox 171 855 176 862; x_wconf 94' lang='grc'><em>·</em></span> <span class='ocrx_word' id='word_1_42' title='bbox 268 826 456 913; x_wconf 86' lang='grc' dir='ltr'><strong><em>χωρησάσης</em></strong></span> <span class='ocrx_word' id='word_1_43' title='bbox 474 824 654 913; x_wconf 76' lang='grc' dir='ltr'><strong><em>Βερροίας,</em></strong></span> <span class='ocrx_word' id='word_1_44' title='bbox 689 823 718 892; x_wconf 81' lang='grc' dir='ltr'><strong>οἱ</strong></span> <span class='ocrx_word' id='word_1_45' title='bbox 739 837 913 911; x_wconf 74' lang='grc' dir='ltr'><strong><em>συγγενεῖς,</em></strong></span> <span class='ocrx_word' id='word_1_46' title='bbox 933 821 972 894; x_wconf 81' lang='grc' dir='ltr'><strong>όν</strong></span> <span class='ocrx_word' id='word_1_47' title='bbox 991 855 1023 894; x_wconf 93' lang='grc' dir='ltr'><strong>τι</strong></span> <span class='ocrx_word' id='word_1_48' title='bbox 1049 827 1105 893; x_wconf 77' lang='grc' dir='ltr'><strong>ναὶ</strong></span> <span class='ocrx_word' id='word_1_49' title='bbox 1130 825 1369 917; x_wconf 75' lang='grc' dir='ltr'><strong><em>προσκρσόση,5</em></strong></span> 
     </span>
     <span class='ocr_line' id='line_1_7' title="bbox 268 917 1349 1011; baseline 0.002 -23"><span class='ocrx_word' id='word_1_50' title='bbox 268 923 490 1010; x_wconf 70' lang='grc' dir='ltr'><strong><em>ἐξαιτήσονται·</em></strong></span> <span class='ocrx_word' id='word_1_51' title='bbox 511 935 576 1002; x_wconf 87' lang='grc' dir='ltr'><strong><em>τοῖς</em></strong></span> <span class='ocrx_word' id='word_1_52' title='bbox 590 926 621 990; x_wconf 87' lang='grc' dir='ltr'><strong>δ’</strong></span> <span class='ocrx_word' id='word_1_53' title='bbox 639 917 749 1002; x_wconf 81' lang='grc' dir='ltr'><strong><em>ἀλλοις</em></strong></span> <span class='ocrx_word' id='word_1_54' title='bbox 770 926 808 990; x_wconf 78' lang='lat' dir='ltr'><strong>osi</strong></span> <span class='ocrx_word' id='word_1_55' title='bbox 831 928 950 992; x_wconf 81' lang='grc' dir='ltr'><strong><em>δίκαιον</em></strong></span> <span class='ocrx_word' id='word_1_56' title='bbox 969 922 1051 994; x_wconf 76' lang='grc' dir='ltr'><strong><em>εἶναι</em></strong></span> <span class='ocrx_word' id='word_1_57' title='bbox 1070 925 1176 1011; x_wconf 79' lang='grc' dir='ltr'><strong><em>ἔλεγον</em></strong></span> <span class='ocrx_word' id='word_1_58' title='bbox 1194 927 1269 992; x_wconf 83' lang='grc' dir='ltr'><strong><em>σόδὲ</em></strong></span> <span class='ocrx_word' id='word_1_59' title='bbox 1290 933 1349 991; x_wconf 87' lang='grc' dir='ltr'><strong>λυ-</strong></span> 
     </span>
     <span class='ocr_line' id='line_1_8' title="bbox 270 1010 1414 1112; baseline 0 -22"><span class='ocrx_word' id='word_1_60' title='bbox 270 1025 404 1106; x_wconf 81' lang='grc' dir='ltr'><strong><em>σιτελὲς,</em></strong></span> <span class='ocrx_word' id='word_1_61' title='bbox 430 1027 484 1108; x_wconf 78' lang='grc' dir='ltr'><strong>τῆς</strong></span> <span class='ocrx_word' id='word_1_62' title='bbox 514 1015 609 1110; x_wconf 81' lang='grc' dir='ltr'><strong><em>ἀλλης</em></strong></span> <span class='ocrx_word' id='word_1_63' title='bbox 637 1023 762 1108; x_wconf 80' lang='grc' dir='ltr'><strong><em>ἀπάσης</em></strong></span> <span class='ocrx_word' id='word_1_64' title='bbox 779 1023 899 1102; x_wconf 85' lang='grc' dir='ltr'><strong><em>πόλεως</em></strong></span> <span class='ocrx_word' id='word_1_65' title='bbox 918 1023 1186 1112; x_wconf 84' lang='grc' dir='ltr'><strong><em>προσχαρησόσης</em></strong></span> <span class='ocrx_word' id='word_1_66' title='bbox 1204 1031 1348 1108; x_wconf 81' lang='grc' dir='ltr'><strong><em>βασιλεῖ,</em></strong></span> <span class='ocrx_word' id='word_1_67' title='bbox 1409 1010 1414 1023; x_wconf 60' lang='grc'><strong>’</strong></span> 
     </span>
     <span class='ocr_line' id='line_1_9' title="bbox 275 1115 1350 1211; baseline 0.001 -25"><span class='ocrx_word' id='word_1_68' title='bbox 275 1118 392 1200; x_wconf 85' lang='grc' dir='ltr'><strong><em>αότοός</em></strong></span> <span class='ocrx_word' id='word_1_69' title='bbox 412 1119 621 1188; x_wconf 73' lang='grc' dir='ltr'><strong><em>ἀπίστασθαι</em></strong></span> <span class='ocrx_word' id='word_1_70' title='bbox 648 1125 703 1188; x_wconf 79' lang='grc' dir='ltr'><strong>καί</strong></span> <span class='ocrx_word' id='word_1_71' title='bbox 719 1130 875 1204; x_wconf 76' lang='grc' dir='ltr'><strong><em>πολεμεῖν.</em></strong></span> <span class='ocrx_word' id='word_1_72' title='bbox 894 1115 967 1188; x_wconf 72' lang='lat' dir='ltr'><strong>oisc</strong></span> <span class='ocrx_word' id='word_1_73' title='bbox 985 1123 1046 1211; x_wconf 86' lang='grc' dir='ltr'><strong>γάρ</strong></span> <span class='ocrx_word' id='word_1_74' title='bbox 1069 1122 1253 1207; x_wconf 73' lang='grc' dir='ltr'><strong><em>δυνήσονται</em></strong></span> <span class='ocrx_word' id='word_1_75' title='bbox 1272 1119 1350 1188; x_wconf 75' lang='grc' dir='ltr'><strong><em>ἔαυ-</em></strong></span> 
     </span>
    </p>

    <p class='ocr_par' dir='ltr' id='par_1_4' title="bbox 238 1213 1349 1307">
     <span class='ocr_line' id='line_1_10' title="bbox 238 1213 1349 1307; baseline -0.001 -22"><span class='ocrx_word' id='word_1_76' title='bbox 238 1215 343 1296; x_wconf 75' lang='grc' dir='ltr'><strong><em>ὓτσός</em></strong></span> <span class='ocrx_word' id='word_1_77' title='bbox 374 1243 409 1284; x_wconf 84' lang='grc' dir='ltr'><strong>τε</strong></span> <span class='ocrx_word' id='word_1_78' title='bbox 441 1221 495 1284; x_wconf 79' lang='grc' dir='ltr'><strong>καί</strong></span> <span class='ocrx_word' id='word_1_79' title='bbox 525 1217 583 1306; x_wconf 87' lang='grc' dir='ltr'><strong>τήν</strong></span> <span class='ocrx_word' id='word_1_80' title='bbox 618 1213 719 1305; x_wconf 81' lang='grc' dir='ltr'><strong><em>ἀκραν</em></strong></span> <span class='ocrx_word' id='word_1_81' title='bbox 748 1214 922 1307; x_wconf 76' lang='grc' dir='ltr'><strong><em>περισῶσαι</em></strong></span> <span class='ocrx_word' id='word_1_82' title='bbox 950 1221 1042 1304; x_wconf 89' lang='grc' dir='ltr'><strong><em>μόνοι</em></strong></span> <span class='ocrx_word' id='word_1_83' title='bbox 1074 1223 1349 1305; x_wconf 81' lang='grc' dir='ltr'><strong><em>έναπειλημμένοι,</em></strong></span> 
     </span>
    </p>

    <p class='ocr_par' dir='ltr' id='par_1_5' title="bbox 269 1315 1393 1798">
     <span class='ocr_line' id='line_1_11' title="bbox 269 1315 1393 1406; baseline 0.002 -20"><span class='ocrx_word' id='word_1_84' title='bbox 269 1321 331 1386; x_wconf 77' lang='lat' dir='ltr'><strong>sois</strong></span> <span class='ocrx_word' id='word_1_85' title='bbox 359 1343 393 1383; x_wconf 86' lang='grc' dir='ltr'><strong>τε</strong></span> <span class='ocrx_word' id='word_1_86' title='bbox 419 1320 454 1384; x_wconf 81' lang='grc' dir='ltr'><strong>έν</strong></span> <span class='ocrx_word' id='word_1_87' title='bbox 484 1321 596 1405; x_wconf 73' lang='grc' dir='ltr'><strong><em>Φερῶν</em></strong></span> <span class='ocrx_word' id='word_1_88' title='bbox 624 1315 702 1386; x_wconf 79' lang='grc' dir='ltr'><strong><em>κατὰ</em></strong></span> <span class='ocrx_word' id='word_1_89' title='bbox 728 1320 915 1402; x_wconf 76' lang='grc' dir='ltr'><strong><em>συμμαχίαν</em></strong></span> <span class='ocrx_word' id='word_1_90' title='bbox 941 1321 1123 1406; x_wconf 77' lang='grc' dir='ltr'><strong><em>ἀφιγμένων</em></strong></span> <span class='ocrx_word' id='word_1_91' title='bbox 1151 1320 1328 1404; x_wconf 80' lang='grc' dir='ltr'><strong><em>ἡττημένων</em></strong></span> <span class='ocrx_word' id='word_1_92' title='bbox 1335 1349 1393 1402; x_wconf 86' lang='grc' dir='ltr'><strong>,το</strong></span> 
     </span>
     <span class='ocr_line' id='line_1_12' title="bbox 270 1411 1352 1504; baseline 0 -22"><span class='ocrx_word' id='word_1_93' title='bbox 270 1414 326 1482; x_wconf 79' lang='grc' dir='ltr'><strong>ναί</strong></span> <span class='ocrx_word' id='word_1_94' title='bbox 347 1416 404 1481; x_wconf 80' lang='lat' dir='ltr'><strong>osia</strong></span> <span class='ocrx_word' id='word_1_95' title='bbox 422 1411 460 1481; x_wconf 83' lang='grc' dir='ltr'><strong>ἀν</strong></span> <span class='ocrx_word' id='word_1_96' title='bbox 476 1413 594 1504; x_wconf 69' lang='grc' dir='ltr'><strong><em>ἑτέραν,</em></strong></span> <span class='ocrx_word' id='word_1_97' title='bbox 610 1416 956 1504; x_wconf 78' lang='grc' dir='ltr'><strong><em>τολμησόντιονέλθεϊν.</em></strong></span> <span class='ocrx_word' id='word_1_98' title='bbox 968 1415 1011 1504; x_wconf 65' lang='grc' dir='ltr'><strong>,ἢ</strong></span> <span class='ocrx_word' id='word_1_99' title='bbox 1029 1442 1062 1484; x_wconf 89' lang='grc' dir='ltr'><strong>τε</strong></span> <span class='ocrx_word' id='word_1_100' title='bbox 1079 1419 1232 1502; x_wconf 79' lang='grc' dir='ltr'><strong><em>βασιλέως</em></strong></span> <span class='ocrx_word' id='word_1_101' title='bbox 1253 1442 1352 1504; x_wconf 86' lang='grc' dir='ltr'><strong><em>στρα-</em></strong></span> 
     </span>
     <span class='ocr_line' id='line_1_13' title="bbox 270 1509 1353 1601; baseline -0.002 -21"><span class='ocrx_word' id='word_1_102' title='bbox 270 1514 324 1580; x_wconf 80' lang='grc' dir='ltr'><strong>τιὰ</strong></span> <span class='ocrx_word' id='word_1_103' title='bbox 353 1509 451 1599; x_wconf 85' lang='grc' dir='ltr'><strong><em>πολλή</em></strong></span> <span class='ocrx_word' id='word_1_104' title='bbox 477 1538 512 1580; x_wconf 87' lang='grc' dir='ltr'><strong>τε</strong></span> <span class='ocrx_word' id='word_1_105' title='bbox 541 1517 596 1580; x_wconf 80' lang='grc' dir='ltr'><strong><em>καί</em></strong></span> <span class='ocrx_word' id='word_1_106' title='bbox 626 1514 821 1600; x_wconf 79' lang='grc' dir='ltr'><strong><em>ἀξιόμαχος,</em></strong></span> <span class='ocrx_word' id='word_1_107' title='bbox 852 1516 908 1582; x_wconf 77' lang='grc' dir='ltr'><strong>καὶ</strong></span> <span class='ocrx_word' id='word_1_108' title='bbox 934 1519 1065 1601; x_wconf 78' lang='grc' dir='ltr'><strong><em>προσέτι</em></strong></span> <span class='ocrx_word' id='word_1_109' title='bbox 1091 1517 1178 1580; x_wconf 78' lang='grc' dir='ltr'><strong><em>πᾶσα</em></strong></span> <span class='ocrx_word' id='word_1_110' title='bbox 1206 1515 1228 1601; x_wconf 78' lang='grc' dir='ltr'><em>ἦ</em></span> <span class='ocrx_word' id='word_1_111' title='bbox 1258 1512 1353 1590; x_wconf 83' lang='grc' dir='ltr'><strong><em>πόλις</em></strong></span> 
     </span>
     <span class='ocr_line' id='line_1_14' title="bbox 270 1610 1355 1700; baseline -0.001 -22"><span class='ocrx_word' id='word_1_112' title='bbox 270 1613 431 1698; x_wconf 76' lang='grc' dir='ltr'><strong><em>πανδημεί</em></strong></span> <span class='ocrx_word' id='word_1_113' title='bbox 467 1613 721 1698; x_wconf 73' lang='grc' dir='ltr'><strong><em>προσκαθήμενοι</em></strong></span> <span class='ocrx_word' id='word_1_114' title='bbox 758 1610 1049 1700; x_wconf 82' lang='grc' dir='ltr'><strong><em>έκπολιοριιήσουαιν</em></strong></span> <span class='ocrx_word' id='word_1_115' title='bbox 1067 1614 1161 1700; x_wconf 82' lang='grc' dir='ltr'><strong><em>ήμάς.</em></strong></span> <span class='ocrx_word' id='word_1_116' title='bbox 1187 1614 1218 1678; x_wconf 83' lang='grc' dir='ltr'><strong>εἰ</strong></span> <span class='ocrx_word' id='word_1_117' title='bbox 1243 1614 1279 1678; x_wconf 75' lang='grc' dir='ltr'><strong>δέ</strong></span> <span class='ocrx_word' id='word_1_118' title='bbox 1298 1612 1355 1677; x_wconf 66' lang='grc' dir='ltr'><strong><em>κατ’</em></strong></span> 
     </span>
     <span class='ocr_line' id='line_1_15' title="bbox 272 1708 1352 1798; baseline 0 -25"><span class='ocrx_word' id='word_1_119' title='bbox 272 1709 432 1792; x_wconf 73' lang='grc' dir='ltr'><strong><em>ἀντισχεῖν</em></strong></span> <span class='ocrx_word' id='word_1_120' title='bbox 449 1710 666 1795; x_wconf 84' lang='grc' dir='ltr'><strong><em>’δυνησόμεθα</em></strong></span> <span class='ocrx_word' id='word_1_121' title='bbox 699 1708 779 1797; x_wconf 87' lang='grc' dir='ltr'><strong><em>πρός</em></strong></span> <span class='ocrx_word' id='word_1_122' title='bbox 808 1710 926 1796; x_wconf 84' lang='grc' dir='ltr'><strong><em>ἀλίγον,</em></strong></span> <span class='ocrx_word' id='word_1_123' title='bbox 945 1711 1175 1798; x_wconf 74' lang='grc' dir='ltr'><strong><em>ἀμφοτέρωθεν</em></strong></span> <span class='ocrx_word' id='word_1_124' title='bbox 1195 1708 1352 1794; x_wconf 81' lang='grc' dir='ltr'><strong><em>ζημιωσό-</em></strong></span> 
     </span>
    </p>

    <p class='ocr_par' dir='ltr' id='par_1_6' title="bbox 271 1799 1393 2292">
     <span class='ocr_line' id='line_1_16' title="bbox 271 1799 1393 1898; baseline 0 -27"><span class='ocrx_word' id='word_1_125' title='bbox 271 1811 367 1890; x_wconf 87' lang='grc' dir='ltr'><strong><em>μεθα.</em></strong></span> <span class='ocrx_word' id='word_1_126' title='bbox 388 1799 429 1872; x_wconf 82' lang='grc' dir='ltr'><strong>ἀν</strong></span> <span class='ocrx_word' id='word_1_127' title='bbox 449 1832 484 1874; x_wconf 89' lang='grc' dir='ltr'><strong>τε</strong></span> <span class='ocrx_word' id='word_1_128' title='bbox 503 1809 563 1895; x_wconf 82' lang='grc' dir='ltr'><strong>γὰρ</strong></span> <span class='ocrx_word' id='word_1_129' title='bbox 585 1810 727 1894; x_wconf 75' lang='grc' dir='ltr'><strong><em>νικῶμεν,</em></strong></span> <span class='ocrx_word' id='word_1_130' title='bbox 749 1813 863 1898; x_wconf 82' lang='grc' dir='ltr'><strong><em>φιλους</em></strong></span> <span class='ocrx_word' id='word_1_131' title='bbox 881 1812 937 1875; x_wconf 79' lang='grc' dir='ltr'><strong>ναί</strong></span> <span class='ocrx_word' id='word_1_132' title='bbox 954 1808 1027 1886; x_wconf 78' lang='grc' dir='ltr'><strong>τούς</strong></span> <span class='ocrx_word' id='word_1_133' title='bbox 1048 1806 1248 1886; x_wconf 75' lang='grc' dir='ltr'><strong><em>οἰκειοτάτους</em></strong></span> <span class='ocrx_word' id='word_1_134' title='bbox 1270 1808 1393 1884; x_wconf 77' lang='lat' dir='ltr'><strong>cino-15</strong></span> 
     </span>
     <span class='ocr_line' id='line_1_17' title="bbox 277 1899 1353 1995; baseline 0.002 -25"><span class='ocrx_word' id='word_1_135' title='bbox 277 1907 454 1989; x_wconf 75' lang='grc' dir='ltr'><strong><em>κτενοῦμεν,</em></strong></span> <span class='ocrx_word' id='word_1_136' title='bbox 476 1899 514 1972; x_wconf 78' lang='grc' dir='ltr'><strong>ἀν</strong></span> <span class='ocrx_word' id='word_1_137' title='bbox 526 1931 558 1972; x_wconf 88' lang='grc' dir='ltr'><strong>τε</strong></span> <span class='ocrx_word' id='word_1_138' title='bbox 575 1907 751 1994; x_wconf 79' lang='grc' dir='ltr'><strong><em>ἡπτόμεθα,</em></strong></span> <span class='ocrx_word' id='word_1_139' title='bbox 774 1907 890 1995; x_wconf 75' lang='grc' dir='ltr'><strong><em>ἀνάγκη</em></strong></span> <span class='ocrx_word' id='word_1_140' title='bbox 907 1904 1125 1993; x_wconf 68' lang='grc' dir='ltr'><strong><em>ἀποθνήσκειν.</em></strong></span> <span class='ocrx_word' id='word_1_141' title='bbox 1137 1904 1159 1974; x_wconf 78' lang='grc' dir='ltr'><strong><em>ἀ</em></strong></span> <span class='ocrx_word' id='word_1_142' title='bbox 1173 1908 1213 1993; x_wconf 85' lang='grc' dir='ltr'><strong>δή</strong></span> <span class='ocrx_word' id='word_1_143' title='bbox 1228 1904 1353 1973; x_wconf 78' lang='grc' dir='ltr'><strong><em>ἅπαντα</em></strong></span> 
     </span>
     <span class='ocr_line' id='line_1_18' title="bbox 275 1997 1353 2090; baseline 0.003 -23"><span class='ocrx_word' id='word_1_144' title='bbox 275 2001 313 2068; x_wconf 82' lang='lat' dir='ltr'><strong>osi</strong></span> <span class='ocrx_word' id='word_1_145' title='bbox 329 2002 405 2090; x_wconf 86' lang='grc' dir='ltr'><strong><em>πρός</em></strong></span> <span class='ocrx_word' id='word_1_146' title='bbox 420 2005 516 2090; x_wconf 72' lang='grc' dir='ltr'><strong><em>ἡμῶν.</em></strong></span> <span class='ocrx_word' id='word_1_147' title='bbox 537 2009 568 2070; x_wconf 86' lang='lat' dir='ltr'><strong>si</strong></span> <span class='ocrx_word' id='word_1_148' title='bbox 584 2009 644 2088; x_wconf 78' lang='grc' dir='ltr'><strong>μὲν</strong></span> <span class='ocrx_word' id='word_1_149' title='bbox 662 1998 718 2071; x_wconf 80' lang='grc' dir='ltr'><strong>σόν</strong></span> <span class='ocrx_word' id='word_1_150' title='bbox 737 2007 794 2073; x_wconf 75' lang='grc' dir='ltr'><strong>καί</strong></span> <span class='ocrx_word' id='word_1_151' title='bbox 805 2004 881 2090; x_wconf 84' lang='grc' dir='ltr'><strong><em>όμῖν</em></strong></span> <span class='ocrx_word' id='word_1_152' title='bbox 899 2011 1000 2073; x_wconf 82' lang='grc' dir='ltr'><strong><em>ταῦτα</em></strong></span> <span class='ocrx_word' id='word_1_153' title='bbox 1011 2010 1164 2074; x_wconf 81' lang='grc' dir='ltr'><strong><em>συνδοκεῖ·</em></strong></span> <span class='ocrx_word' id='word_1_154' title='bbox 1183 2009 1214 2073; x_wconf 80' lang='grc' dir='ltr'><strong>εἰ</strong></span> <span class='ocrx_word' id='word_1_155' title='bbox 1231 2009 1262 2070; x_wconf 83' lang='grc' dir='ltr'><strong>δ’</strong></span> <span class='ocrx_word' id='word_1_156' title='bbox 1277 1997 1353 2090; x_wconf 74' lang='lat' dir='ltr'><strong>oris,</strong></span> 
     </span>
     <span class='ocr_line' id='line_1_19' title="bbox 275 2095 1354 2191; baseline 0.004 -27"><span class='ocrx_word' id='word_1_157' title='bbox 275 2095 344 2165; x_wconf 86' lang='grc' dir='ltr'><strong><em>ἀλλ’</em></strong></span> <span class='ocrx_word' id='word_1_158' title='bbox 359 2101 449 2188; x_wconf 80' lang='grc' dir='ltr'><strong><em>ἡμεῖς</em></strong></span> <span class='ocrx_word' id='word_1_159' title='bbox 473 2127 509 2187; x_wconf 87' lang='grc' dir='ltr'><strong>γε</strong></span> <span class='ocrx_word' id='word_1_160' title='bbox 523 2103 606 2189; x_wconf 74' lang='grc' dir='ltr'><strong><em>ἡμᾶς</em></strong></span> <span class='ocrx_word' id='word_1_161' title='bbox 624 2129 659 2170; x_wconf 88' lang='grc' dir='ltr'><strong>τε</strong></span> <span class='ocrx_word' id='word_1_162' title='bbox 679 2100 795 2180; x_wconf 86' lang='grc' dir='ltr'><strong><em>αότοός</em></strong></span> <span class='ocrx_word' id='word_1_163' title='bbox 812 2104 867 2170; x_wconf 69' lang='grc' dir='ltr'><strong><em>κατ’</em></strong></span> <span class='ocrx_word' id='word_1_164' title='bbox 880 2104 937 2190; x_wconf 88' lang='grc' dir='ltr'><strong>τήν</strong></span> <span class='ocrx_word' id='word_1_165' title='bbox 959 2105 1128 2191; x_wconf 80' lang='grc' dir='ltr'><strong><em>ἀκρόπολιν</em></strong></span> <span class='ocrx_word' id='word_1_166' title='bbox 1141 2107 1354 2190; x_wconf 74' lang='grc' dir='ltr'><strong><em>ἐγχειρισομεν</em></strong></span> 
     </span>
     <span class='ocr_line' id='line_1_20' title="bbox 275 2195 1357 2292; baseline 0.002 -28"><span class='ocrx_word' id='word_1_167' title='bbox 275 2203 428 2292; x_wconf 83' lang='grc' dir='ltr'><strong><em>βασιλεῖ.”</em></strong></span> <span class='ocrx_word' id='word_1_168' title='bbox 455 2201 553 2285; x_wconf 77' lang='grc' dir='ltr'><strong><em>οἱμὲν</em></strong></span> <span class='ocrx_word' id='word_1_169' title='bbox 566 2195 622 2270; x_wconf 82' lang='grc' dir='ltr'><strong>σόν</strong></span> <span class='ocrx_word' id='word_1_170' title='bbox 640 2205 770 2270; x_wconf 75' lang='grc' dir='ltr'><strong><em>τοιαῦτα</em></strong></span> <span class='ocrx_word' id='word_1_171' title='bbox 785 2199 879 2270; x_wconf 79' lang='grc' dir='ltr'><strong><em>εἶπαν·</em></strong></span> <span class='ocrx_word' id='word_1_172' title='bbox 900 2201 1042 2284; x_wconf 81' lang='grc' dir='ltr'><strong><em>Λυζινός</em></strong></span> <span class='ocrx_word' id='word_1_173' title='bbox 1065 2206 1101 2270; x_wconf 72' lang='grc' dir='ltr'><strong>δέ</strong></span> <span class='ocrx_word' id='word_1_174' title='bbox 1121 2207 1176 2268; x_wconf 81' lang='grc' dir='ltr'><strong>ναί</strong></span> <span class='ocrx_word' id='word_1_175' title='bbox 1192 2199 1260 2268; x_wconf 85' lang='grc' dir='ltr'><strong><em>όσοι</em></strong></span> <span class='ocrx_word' id='word_1_176' title='bbox 1274 2195 1357 2288; x_wconf 82' lang='grc' dir='ltr'><strong><em>ἦσαν</em></strong></span> 
     </span>
    </p>

    <p class='ocr_par' dir='ltr' id='par_1_7' title="bbox 85 2297 1396 2685">
     <span class='ocr_line' id='line_1_21' title="bbox 85 2297 1396 2392; baseline 0.005 -34"><span class='ocrx_word' id='word_1_177' title='bbox 85 2382 90 2392; x_wconf 37' lang='lat'><strong><em>¹</em></strong></span> <span class='ocrx_word' id='word_1_178' title='bbox 180 2302 207 2358; x_wconf 86' lang='grc' dir='ltr'><strong>Ρ.</strong></span> <span class='ocrx_word' id='word_1_179' title='bbox 220 2297 271 2360; x_wconf 73' lang='lat'><strong>168</strong></span> <span class='ocrx_word' id='word_1_180' title='bbox 278 2299 321 2386; x_wconf 80' lang='lat' dir='ltr'><strong>aqi</strong></span> <span class='ocrx_word' id='word_1_181' title='bbox 337 2301 538 2390; x_wconf 83' lang='grc' dir='ltr'><strong><em>πρεσβυτέρῳ</em></strong></span> <span class='ocrx_word' id='word_1_182' title='bbox 558 2305 774 2388; x_wconf 83' lang='grc' dir='ltr'><strong><em>προσκείμενοι</em></strong></span> <span class='ocrx_word' id='word_1_183' title='bbox 788 2303 989 2386; x_wconf 72' lang='grc' dir='ltr'><strong><em>βασιλεζοάν</em></strong></span> <span class='ocrx_word' id='word_1_184' title='bbox 1008 2299 1129 2385; x_wconf 76' lang='grc' dir='ltr'><strong><em>ἔχοντες</em></strong></span> <span class='ocrx_word' id='word_1_185' title='bbox 1147 2297 1207 2382; x_wconf 82' lang='grc' dir='ltr'><strong><em>ό,τι</em></strong></span> <span class='ocrx_word' id='word_1_186' title='bbox 1221 2300 1396 2388; x_wconf 61' lang='lat' dir='ltr'><strong>&amp;picus-20</strong></span> 
     </span>
     <span class='ocr_line' id='line_1_22' title="bbox 274 2391 1355 2488; baseline 0.004 -27"><span class='ocrx_word' id='word_1_187' title='bbox 274 2417 330 2477; x_wconf 84' lang='grc' dir='ltr'><strong>εν,</strong></span> <span class='ocrx_word' id='word_1_188' title='bbox 354 2393 422 2481; x_wconf 87' lang='grc' dir='ltr'><strong>ἀμα</strong></span> <span class='ocrx_word' id='word_1_189' title='bbox 442 2409 507 2477; x_wconf 87' lang='grc' dir='ltr'><strong><em>τοῖς</em></strong></span> <span class='ocrx_word' id='word_1_190' title='bbox 527 2391 632 2479; x_wconf 74' lang='grc' dir='ltr'><strong><em>ἄλλοις</em></strong></span> <span class='ocrx_word' id='word_1_191' title='bbox 648 2399 822 2488; x_wconf 89' lang='grc' dir='ltr'><strong><em>ἀμνηστίαν</em></strong></span> <span class='ocrx_word' id='word_1_192' title='bbox 842 2397 1074 2488; x_wconf 76' lang='grc' dir='ltr'><strong><em>αἷτήσαντεςεῖ</em></strong></span> <span class='ocrx_word' id='word_1_193' title='bbox 1094 2426 1127 2466; x_wconf 96' lang='grc' dir='ltr'><strong>τι</strong></span> <span class='ocrx_word' id='word_1_194' title='bbox 1146 2399 1355 2486; x_wconf 75' lang='grc' dir='ltr'><strong><em>προανεκρού-</em></strong></span> 
     </span>
     <span class='ocr_line' id='line_1_23' title="bbox 276 2497 1356 2586; baseline 0.006 -27"><span class='ocrx_word' id='word_1_195' title='bbox 276 2518 350 2563; x_wconf 85' lang='grc' dir='ltr'><strong><em>νασι</em></strong></span> <span class='ocrx_word' id='word_1_196' title='bbox 369 2497 448 2584; x_wconf 87' lang='grc' dir='ltr'><strong><em>πρός</em></strong></span> <span class='ocrx_word' id='word_1_197' title='bbox 465 2500 621 2583; x_wconf 80' lang='grc' dir='ltr'><strong><em>βασιλέα,</em></strong></span> <span class='ocrx_word' id='word_1_198' title='bbox 644 2504 700 2566; x_wconf 85' lang='grc' dir='ltr'><strong><em>καί</em></strong></span> <span class='ocrx_word' id='word_1_199' title='bbox 717 2498 885 2583; x_wconf 87' lang='grc' dir='ltr'><strong><em>τυχόντες,</em></strong></span> <span class='ocrx_word' id='word_1_200' title='bbox 905 2503 1082 2585; x_wconf 85' lang='grc' dir='ltr'><strong><em>παρέδοσαν</em></strong></span> <span class='ocrx_word' id='word_1_201' title='bbox 1101 2498 1158 2585; x_wconf 86' lang='grc' dir='ltr'><strong>τήν</strong></span> <span class='ocrx_word' id='word_1_202' title='bbox 1175 2498 1356 2586; x_wconf 79' lang='grc' dir='ltr'><strong><em>ἀκρόπολιν.</em></strong></span> 
     </span>
     <span class='ocr_line' id='line_1_24' title="bbox 246 2590 1357 2685; baseline -0.001 -23"><span class='ocrx_word' id='word_1_203' title='bbox 246 2594 269 2647; x_wconf 70' lang='grc' dir='ltr'><strong><em>Β</em></strong></span> <span class='ocrx_word' id='word_1_204' title='bbox 360 2594 417 2663; x_wconf 79' lang='grc' dir='ltr'><strong>νδ.</strong></span> <span class='ocrx_word' id='word_1_205' title='bbox 458 2599 530 2663; x_wconf 69' lang='grc' dir='ltr'><strong><em>Κατ’</em></strong></span> <span class='ocrx_word' id='word_1_206' title='bbox 555 2595 722 2685; x_wconf 71' lang='grc' dir='ltr'><strong><em>παρελθόν</em></strong></span> <span class='ocrx_word' id='word_1_207' title='bbox 751 2594 952 2683; x_wconf 82' lang='grc' dir='ltr'><strong><em>όβασιλεός,</em></strong></span> <span class='ocrx_word' id='word_1_208' title='bbox 972 2599 1029 2663; x_wconf 68' lang='lat' dir='ltr'><strong>aas*</strong></span> <span class='ocrx_word' id='word_1_209' title='bbox 1045 2592 1114 2663; x_wconf 78' lang='grc' dir='ltr'><strong><em>ὅσοι</em></strong></span> <span class='ocrx_word' id='word_1_210' title='bbox 1132 2590 1212 2683; x_wconf 81' lang='grc' dir='ltr'><strong><em>ἦσαν</em></strong></span> <span class='ocrx_word' id='word_1_211' title='bbox 1232 2600 1295 2661; x_wconf 72' lang='grc' dir='ltr'><strong><em>τοῖν</em></strong></span> <span class='ocrx_word' id='word_1_212' title='bbox 1315 2595 1357 2662; x_wconf 83' lang='lat' dir='ltr'><strong>soi</strong></span> 
     </span>
    </p>
   </div>
   <div class='ocr_carea' id='block_1_3' title="bbox 168 2761 1441 4147">
    <p class='ocr_par' dir='ltr' id='par_1_8' title="bbox 279 2761 1441 3185">
     <span class='ocr_line' id='line_1_25' title="bbox 279 2761 1356 2838; baseline -0.002 -21"><span class='ocrx_word' id='word_1_213' title='bbox 279 2766 399 2838; x_wconf 82' lang='lat' dir='ltr'><strong>peratori</strong></span> <span class='ocrx_word' id='word_1_214' title='bbox 416 2780 509 2835; x_wconf 87' lang='lat' dir='ltr'><strong>parum</strong></span> <span class='ocrx_word' id='word_1_215' title='bbox 522 2764 594 2818; x_wconf 82' lang='lat' dir='ltr'><strong>bene</strong></span> <span class='ocrx_word' id='word_1_216' title='bbox 614 2764 752 2829; x_wconf 83' lang='lat' dir='ltr'><strong>volebant,</strong></span> <span class='ocrx_word' id='word_1_217' title='bbox 769 2764 912 2818; x_wconf 67' lang='lat' dir='ltr'><strong>sententiis</strong></span> <span class='ocrx_word' id='word_1_218' title='bbox 931 2771 959 2817; x_wconf 86' lang='lat' dir='ltr'><strong>et</strong></span> <span class='ocrx_word' id='word_1_219' title='bbox 972 2763 1068 2815; x_wconf 86' lang='lat' dir='ltr'><strong>animis</strong></span> <span class='ocrx_word' id='word_1_220' title='bbox 1086 2763 1120 2815; x_wconf 88' lang='lat' dir='ltr'><strong>ab</strong></span> <span class='ocrx_word' id='word_1_221' title='bbox 1138 2762 1199 2814; x_wconf 87' lang='lat' dir='ltr'><strong>aliis</strong></span> <span class='ocrx_word' id='word_1_222' title='bbox 1218 2778 1267 2832; x_wconf 89' lang='lat' dir='ltr'><strong>per</strong></span> <span class='ocrx_word' id='word_1_223' title='bbox 1280 2761 1356 2815; x_wconf 82' lang='lat' dir='ltr'><strong>sedi-</strong></span> 
     </span>
     <span class='ocr_line' id='line_1_26' title="bbox 280 2833 1356 2905; baseline -0.003 -17"><span class='ocrx_word' id='word_1_224' title='bbox 280 2838 385 2888; x_wconf 79' lang='lat' dir='ltr'><strong>tionem</strong></span> <span class='ocrx_word' id='word_1_225' title='bbox 400 2834 581 2905; x_wconf 85' lang='lat' dir='ltr'><strong>discrepantcs</strong></span> <span class='ocrx_word' id='word_1_226' title='bbox 594 2843 623 2888; x_wconf 89' lang='lat' dir='ltr'><strong>et</strong></span> <span class='ocrx_word' id='word_1_227' title='bbox 633 2836 756 2888; x_wconf 75' lang='lat' dir='ltr'><strong>induciae</strong></span> <span class='ocrx_word' id='word_1_228' title='bbox 772 2852 788 2887; x_wconf 90' lang='lat' dir='ltr'><strong>a</strong></span> <span class='ocrx_word' id='word_1_229' title='bbox 805 2836 912 2889; x_wconf 86' lang='lat' dir='ltr'><strong>iuniore</strong></span> <span class='ocrx_word' id='word_1_230' title='bbox 932 2835 1094 2903; x_wconf 67' lang='lat' dir='ltr'><strong>imperatore</strong></span> <span class='ocrx_word' id='word_1_231' title='bbox 1157 2842 1279 2896; x_wconf 82' lang='lat' dir='ltr'><strong>scentes,</strong></span> <span class='ocrx_word' id='word_1_232' title='bbox 1292 2833 1356 2885; x_wconf 88' lang='lat' dir='ltr'><strong>iilos</strong></span> 
     </span>
     <span class='ocr_line' id='line_1_27' title="bbox 279 2904 1356 3023; baseline -0.001 -66"><span class='ocrx_word' id='word_1_233' title='bbox 279 2906 350 2957; x_wconf 89' lang='lat' dir='ltr'><strong>aiios</strong></span> <span class='ocrx_word' id='word_1_234' title='bbox 363 2922 416 2957; x_wconf 87' lang='lat' dir='ltr'><strong>una</strong></span> <span class='ocrx_word' id='word_1_235' title='bbox 432 2922 522 2959; x_wconf 87' lang='lat' dir='ltr'><strong>secum</strong></span> <span class='ocrx_word' id='word_1_236' title='bbox 538 2906 660 2959; x_wconf 89' lang='lat' dir='ltr'><strong>obsessos</strong></span> <span class='ocrx_word' id='word_1_237' title='bbox 675 2906 788 2958; x_wconf 85' lang='lat' dir='ltr'><strong>allocuti</strong></span> <span class='ocrx_word' id='word_1_238' title='bbox 802 2914 875 2957; x_wconf 86' lang='lat' dir='ltr'><strong>sunt</strong></span> <span class='ocrx_word' id='word_1_239' title='bbox 903 2904 938 2955; x_wconf 82' lang='lat' dir='ltr'><strong>Et</strong></span> <span class='ocrx_word' id='word_1_240' title='bbox 950 2904 1046 2971; x_wconf 81' lang='lat' dir='ltr'><strong>Lyaico</strong></span> <span class='ocrx_word' id='word_1_241' title='bbox 1062 2904 1108 2975; x_wconf 87' lang='lat' dir='ltr'><strong>qni</strong></span> <span class='ocrx_word' id='word_1_242' title='bbox 1129 2920 1171 2953; x_wconf 86' lang='lat' dir='ltr'><strong>ern</strong></span> <span class='ocrx_word' id='word_1_243' title='bbox 1190 2905 1258 2955; x_wconf 85' lang='lat' dir='ltr'><strong>arcis</strong></span> <span class='ocrx_word' id='word_1_244' title='bbox 1273 2918 1356 3023; x_wconf 70' lang='lat' dir='ltr'><strong>psae-</strong></span> 
     </span>
     <span class='ocr_line' id='line_1_28' title="bbox 280 2974 1441 3047; baseline 0.001 -20"><span class='ocrx_word' id='word_1_245' title='bbox 280 2976 368 3038; x_wconf 75' lang='lat' dir='ltr'><strong>iecto,</strong></span> <span class='ocrx_word' id='word_1_246' title='bbox 388 2982 420 3026; x_wconf 91' lang='lat' dir='ltr'><strong>ut</strong></span> <span class='ocrx_word' id='word_1_247' title='bbox 440 2974 475 3029; x_wconf 85' lang='lat' dir='ltr'><strong>de</strong></span> <span class='ocrx_word' id='word_1_248' title='bbox 499 2978 586 3047; x_wconf 82' lang='lat' dir='ltr'><strong>putria</strong></span> <span class='ocrx_word' id='word_1_249' title='bbox 608 2976 727 3045; x_wconf 85' lang='lat' dir='ltr'><strong>ipsorum</strong></span> <span class='ocrx_word' id='word_1_250' title='bbox 747 2982 893 3037; x_wconf 73' lang='lat' dir='ltr'><strong>statueret,</strong></span> <span class='ocrx_word' id='word_1_251' title='bbox 920 2990 976 3025; x_wconf 91' lang='lat' dir='ltr'><strong>non</strong></span> <span class='ocrx_word' id='word_1_252' title='bbox 992 2990 1021 3026; x_wconf 90' lang='lat' dir='ltr'><strong>se</strong></span> <span class='ocrx_word' id='word_1_253' title='bbox 1040 2974 1215 3043; x_wconf 86' lang='lat' dir='ltr'><strong>permissuros</strong></span> <span class='ocrx_word' id='word_1_254' title='bbox 1235 2974 1277 3026; x_wconf 89' lang='lat' dir='ltr'><strong>aic</strong></span> <span class='ocrx_word' id='word_1_255' title='bbox 1297 2982 1358 3037; x_wconf 86' lang='lat' dir='ltr'><strong>ant,</strong></span> <span class='ocrx_word' id='word_1_256' title='bbox 1436 3008 1441 3017; x_wconf 85' lang='lat'><strong>·</strong></span> 
     </span>
     <span class='ocr_line' id='line_1_29' title="bbox 281 3040 1357 3114; baseline -0.002 -17"><span class='ocrx_word' id='word_1_257' title='bbox 281 3062 341 3097; x_wconf 85' lang='lat' dir='ltr'><strong>cunr</strong></span> <span class='ocrx_word' id='word_1_258' title='bbox 359 3040 430 3097; x_wconf 80' lang='lat' dir='ltr'><strong>esset</strong></span> <span class='ocrx_word' id='word_1_259' title='bbox 447 3046 512 3097; x_wconf 82' lang='lat' dir='ltr'><strong>civis</strong></span> <span class='ocrx_word' id='word_1_260' title='bbox 528 3046 639 3099; x_wconf 87' lang='lat' dir='ltr'><strong>alterius</strong></span> <span class='ocrx_word' id='word_1_261' title='bbox 657 3047 790 3109; x_wconf 75' lang='lat' dir='ltr'><strong>civitatis,</strong></span> <span class='ocrx_word' id='word_1_262' title='bbox 807 3044 958 3097; x_wconf 86' lang='lat' dir='ltr'><strong>Berrhoeae</strong></span> <span class='ocrx_word' id='word_1_263' title='bbox 975 3044 1122 3107; x_wconf 86' lang='lat' dir='ltr'><strong>nimirum,</strong></span> <span class='ocrx_word' id='word_1_264' title='bbox 1138 3060 1193 3114; x_wconf 92' lang='lat' dir='ltr'><strong>qua</strong></span> <span class='ocrx_word' id='word_1_265' title='bbox 1209 3042 1245 3097; x_wconf 88' lang='lat' dir='ltr'><strong>ad</strong></span> <span class='ocrx_word' id='word_1_266' title='bbox 1267 3044 1357 3113; x_wconf 90' lang='lat' dir='ltr'><strong>impe-</strong></span> 
     </span>
     <span class='ocr_line' id='line_1_30' title="bbox 281 3112 1358 3185; baseline -0.002 -18"><span class='ocrx_word' id='word_1_267' title='bbox 281 3124 398 3168; x_wconf 86' lang='lat' dir='ltr'><strong>ratorem</strong></span> <span class='ocrx_word' id='word_1_268' title='bbox 419 3116 561 3177; x_wconf 83' lang='lat' dir='ltr'><strong>adiuncta,</strong></span> <span class='ocrx_word' id='word_1_269' title='bbox 588 3115 736 3185; x_wconf 85' lang='lat' dir='ltr'><strong>putabant,</strong></span> <span class='ocrx_word' id='word_1_270' title='bbox 756 3114 865 3183; x_wconf 88' lang='lat' dir='ltr'><strong>siquid</strong></span> <span class='ocrx_word' id='word_1_271' title='bbox 885 3112 1124 3177; x_wconf 85' lang='lat' dir='ltr'><strong>iiieoiiendisset,</strong></span> <span class='ocrx_word' id='word_1_272' title='bbox 1150 3122 1274 3183; x_wconf 72' lang='lat' dir='ltr'><strong>cognatos</strong></span> <span class='ocrx_word' id='word_1_273' title='bbox 1297 3115 1358 3165; x_wconf 87' lang='lat' dir='ltr'><strong>cius</strong></span> 
     </span>
    </p>

    <p class='ocr_par' dir='ltr' id='par_1_9' title="bbox 168 3182 1363 4147">
     <span class='ocr_line' id='line_1_31' title="bbox 168 3182 1359 3255; baseline -0.001 -18"><span class='ocrx_word' id='word_1_274' title='bbox 168 3198 170 3205; x_wconf 68' lang='lat'><strong>¹</strong></span> <span class='ocrx_word' id='word_1_275' title='bbox 280 3200 396 3255; x_wconf 86' lang='lat' dir='ltr'><strong>poenum</strong></span> <span class='ocrx_word' id='word_1_276' title='bbox 411 3183 608 3253; x_wconf 82' lang='lat' dir='ltr'><strong>deprecaturos.</strong></span> <span class='ocrx_word' id='word_1_277' title='bbox 643 3185 729 3236; x_wconf 80' lang='lat' dir='ltr'><strong>Alteri</strong></span> <span class='ocrx_word' id='word_1_278' title='bbox 746 3184 859 3236; x_wconf 84' lang='lat' dir='ltr'><strong>factioni</strong></span> <span class='ocrx_word' id='word_1_279' title='bbox 879 3182 1019 3245; x_wconf 88' lang='lat' dir='ltr'><strong>dicebant,</strong></span> <span class='ocrx_word' id='word_1_280' title='bbox 1038 3200 1088 3235; x_wconf 86' lang='lat' dir='ltr'><strong>nec</strong></span> <span class='ocrx_word' id='word_1_281' title='bbox 1104 3184 1204 3235; x_wconf 86' lang='lat' dir='ltr'><strong>iustum</strong></span> <span class='ocrx_word' id='word_1_282' title='bbox 1221 3198 1289 3247; x_wconf 84' lang='lat' dir='ltr'><strong>esse,</strong></span> <span class='ocrx_word' id='word_1_283' title='bbox 1306 3199 1359 3237; x_wconf 87' lang='lat' dir='ltr'><strong>neo</strong></span> 
     </span>
     <span class='ocr_line' id='line_1_32' title="bbox 282 3250 1358 3325; baseline -0.001 -19"><span class='ocrx_word' id='word_1_284' title='bbox 282 3256 360 3319; x_wconf 88' lang='lat' dir='ltr'><strong>utiie,</strong></span> <span class='ocrx_word' id='word_1_285' title='bbox 378 3255 552 3325; x_wconf 81' lang='lat' dir='ltr'><strong>cnmsciiqua</strong></span> <span class='ocrx_word' id='word_1_286' title='bbox 568 3254 632 3306; x_wconf 89' lang='lat' dir='ltr'><strong>urbs</strong></span> <span class='ocrx_word' id='word_1_287' title='bbox 647 3255 733 3307; x_wconf 85' lang='lat' dir='ltr'><strong>omnis</strong></span> <span class='ocrx_word' id='word_1_288' title='bbox 751 3255 781 3306; x_wconf 87' lang='lat' dir='ltr'><strong>in</strong></span> <span class='ocrx_word' id='word_1_289' title='bbox 798 3250 879 3304; x_wconf 76' lang='lat' dir='ltr'><strong>ficiem</strong></span> <span class='ocrx_word' id='word_1_290' title='bbox 897 3252 1066 3321; x_wconf 87' lang='lat' dir='ltr'><strong>imperatoris</strong></span> <span class='ocrx_word' id='word_1_291' title='bbox 1083 3256 1266 3317; x_wconf 68' lang='lat' dir='ltr'><strong>contenebret,</strong></span> <span class='ocrx_word' id='word_1_292' title='bbox 1284 3254 1358 3325; x_wconf 80' lang='lat' dir='ltr'><strong>ipsos</strong></span> 
     </span>
     <span class='ocr_line' id='line_1_33' title="bbox 283 3322 1359 3394; baseline -0.003 -17"><span class='ocrx_word' id='word_1_293' title='bbox 283 3322 374 3377; x_wconf 88' lang='lat' dir='ltr'><strong>obniti</strong></span> <span class='ocrx_word' id='word_1_294' title='bbox 390 3332 418 3376; x_wconf 89' lang='lat' dir='ltr'><strong>et</strong></span> <span class='ocrx_word' id='word_1_295' title='bbox 428 3324 598 3394; x_wconf 79' lang='lat' dir='ltr'><strong>belligerare.</strong></span> <span class='ocrx_word' id='word_1_296' title='bbox 634 3322 695 3375; x_wconf 86' lang='lat' dir='ltr'><strong>Non</strong></span> <span class='ocrx_word' id='word_1_297' title='bbox 707 3324 781 3376; x_wconf 87' lang='lat' dir='ltr'><strong>enim</strong></span> <span class='ocrx_word' id='word_1_298' title='bbox 796 3338 857 3374; x_wconf 88' lang='lat' dir='ltr'><strong>cnm</strong></span> <span class='ocrx_word' id='word_1_299' title='bbox 873 3322 961 3379; x_wconf 76' lang='lat' dir='ltr'><strong>simus,</strong></span> <span class='ocrx_word' id='word_1_300' title='bbox 971 3324 1128 3386; x_wconf 89' lang='lat' dir='ltr'><strong>interclusi,</strong></span> <span class='ocrx_word' id='word_1_301' title='bbox 1148 3324 1200 3376; x_wconf 90' lang='lat' dir='ltr'><strong>soii</strong></span> <span class='ocrx_word' id='word_1_302' title='bbox 1219 3332 1247 3376; x_wconf 92' lang='lat' dir='ltr'><strong>et</strong></span> <span class='ocrx_word' id='word_1_303' title='bbox 1261 3340 1310 3375; x_wconf 90' lang='lat' dir='ltr'><strong>nos</strong></span> <span class='ocrx_word' id='word_1_304' title='bbox 1330 3330 1359 3374; x_wconf 87' lang='lat' dir='ltr'><strong>et</strong></span> 
     </span>
     <span class='ocr_line' id='line_1_34' title="bbox 284 3390 1359 3464; baseline -0.002 -19"><span class='ocrx_word' id='word_1_305' title='bbox 284 3412 372 3446; x_wconf 78' lang='lat' dir='ltr'><strong>arcem</strong></span> <span class='ocrx_word' id='word_1_306' title='bbox 385 3411 490 3447; x_wconf 82' lang='lat' dir='ltr'><strong>servare</strong></span> <span class='ocrx_word' id='word_1_307' title='bbox 505 3410 660 3464; x_wconf 83' lang='lat' dir='ltr'><strong>possumus;</strong></span> <span class='ocrx_word' id='word_1_308' title='bbox 679 3395 708 3445; x_wconf 83' lang='lat' dir='ltr'><strong>ct</strong></span> <span class='ocrx_word' id='word_1_309' title='bbox 723 3395 771 3463; x_wconf 90' lang='lat' dir='ltr'><strong>qui</strong></span> <span class='ocrx_word' id='word_1_310' title='bbox 794 3390 885 3443; x_wconf 85' lang='lat' dir='ltr'><strong>Pheris</strong></span> <span class='ocrx_word' id='word_1_311' title='bbox 906 3392 1010 3444; x_wconf 81' lang='lat' dir='ltr'><strong>anxilio</strong></span> <span class='ocrx_word' id='word_1_312' title='bbox 1021 3449 1024 3456; x_wconf 16' lang='lat' dir='ltr'><strong>p</strong></span> <span class='ocrx_word' id='word_1_313' title='bbox 1036 3402 1170 3447; x_wconf 79' lang='lat' dir='ltr'><strong>venerunt</strong></span> <span class='ocrx_word' id='word_1_314' title='bbox 1190 3394 1256 3445; x_wconf 79' lang='lat' dir='ltr'><strong>victi</strong></span> <span class='ocrx_word' id='word_1_315' title='bbox 1279 3400 1359 3457; x_wconf 87' lang='lat' dir='ltr'><strong>sunt,</strong></span> 
     </span>
     <span class='ocr_line' id='line_1_35' title="bbox 284 3460 1363 3533; baseline 0 -18"><span class='ocrx_word' id='word_1_316' title='bbox 284 3472 313 3515; x_wconf 88' lang='lat' dir='ltr'><strong>et</strong></span> <span class='ocrx_word' id='word_1_317' title='bbox 326 3464 374 3515; x_wconf 90' lang='lat' dir='ltr'><strong>aiii</strong></span> <span class='ocrx_word' id='word_1_318' title='bbox 388 3465 480 3516; x_wconf 82' lang='lat' dir='ltr'><strong>venire</strong></span> <span class='ocrx_word' id='word_1_319' title='bbox 495 3474 554 3517; x_wconf 89' lang='lat' dir='ltr'><strong>&#39;uon</strong></span> <span class='ocrx_word' id='word_1_320' title='bbox 567 3462 713 3516; x_wconf 78' lang='lat' dir='ltr'><strong>audebunt</strong></span> <span class='ocrx_word' id='word_1_321' title='bbox 741 3462 841 3531; x_wconf 87' lang='lat' dir='ltr'><strong>Copiae</strong></span> <span class='ocrx_word' id='word_1_322' title='bbox 852 3462 1020 3531; x_wconf 85' lang='lat' dir='ltr'><strong>imperatoris</strong></span> <span class='ocrx_word' id='word_1_323' title='bbox 1033 3478 1143 3533; x_wconf 76' lang='lat' dir='ltr'><strong>magnae</strong></span> <span class='ocrx_word' id='word_1_324' title='bbox 1157 3471 1185 3515; x_wconf 90' lang='lat' dir='ltr'><strong>et</strong></span> <span class='ocrx_word' id='word_1_325' title='bbox 1198 3460 1363 3526; x_wconf 81' lang='lat' dir='ltr'><strong>bellicosae,</strong></span> 
     </span>
     <span class='ocr_line' id='line_1_36' title="bbox 283 3527 1363 3604; baseline 0.002 -21"><span class='ocrx_word' id='word_1_326' title='bbox 283 3540 422 3601; x_wconf 80' lang='lat' dir='ltr'><strong>praeterea</strong></span> <span class='ocrx_word' id='word_1_327' title='bbox 447 3543 520 3587; x_wconf 89' lang='lat' dir='ltr'><strong>totus</strong></span> <span class='ocrx_word' id='word_1_328' title='bbox 541 3534 657 3604; x_wconf 88' lang='lat' dir='ltr'><strong>populus</strong></span> <span class='ocrx_word' id='word_1_329' title='bbox 677 3530 836 3584; x_wconf 89' lang='lat' dir='ltr'><strong>assidebunt</strong></span> <span class='ocrx_word' id='word_1_330' title='bbox 859 3540 887 3584; x_wconf 87' lang='lat' dir='ltr'><strong>et</strong></span> <span class='ocrx_word' id='word_1_331' title='bbox 907 3527 1102 3600; x_wconf 72' lang='lat' dir='ltr'><strong>expugnabunt</strong></span> <span class='ocrx_word' id='word_1_332' title='bbox 1119 3550 1177 3584; x_wconf 88' lang='lat' dir='ltr'><strong>nos.</strong></span> <span class='ocrx_word' id='word_1_333' title='bbox 1213 3535 1303 3602; x_wconf 79' lang='lat' dir='ltr'><strong>Atque</strong></span> <span class='ocrx_word' id='word_1_334' title='bbox 1329 3540 1363 3585; x_wconf 90' lang='lat' dir='ltr'><strong>ut</strong></span> 
     </span>
     <span class='ocr_line' id='line_1_37' title="bbox 285 3600 1360 3673; baseline 0.002 -22"><span class='ocrx_word' id='word_1_335' title='bbox 285 3600 454 3673; x_wconf 88' lang='lat' dir='ltr'><strong>aiiqnsmdiu</strong></span> <span class='ocrx_word' id='word_1_336' title='bbox 472 3604 636 3667; x_wconf 87' lang='lat' dir='ltr'><strong>resistamus,</strong></span> <span class='ocrx_word' id='word_1_337' title='bbox 654 3604 784 3671; x_wconf 83' lang='lat' dir='ltr'><strong>utrinque</strong></span> <span class='ocrx_word' id='word_1_338' title='bbox 804 3610 894 3653; x_wconf 73' lang='lat' dir='ltr'><strong>minen</strong></span> <span class='ocrx_word' id='word_1_339' title='bbox 915 3602 1074 3671; x_wconf 86' lang='lat' dir='ltr'><strong>plectemur.</strong></span> <span class='ocrx_word' id='word_1_340' title='bbox 1102 3602 1164 3655; x_wconf 85' lang='lat' dir='ltr'><strong>Sive</strong></span> <span class='ocrx_word' id='word_1_341' title='bbox 1178 3604 1251 3654; x_wconf 82' lang='lat' dir='ltr'><strong>enisu</strong></span> <span class='ocrx_word' id='word_1_342' title='bbox 1264 3603 1360 3653; x_wconf 85' lang='lat' dir='ltr'><strong>vinca-</strong></span> 
     </span>
     <span class='ocr_line' id='line_1_38' title="bbox 284 3672 1360 3743; baseline -0.002 -20"><span class='ocrx_word' id='word_1_343' title='bbox 284 3686 361 3733; x_wconf 86' lang='lat' dir='ltr'><strong>anus,</strong></span> <span class='ocrx_word' id='word_1_344' title='bbox 379 3674 478 3724; x_wconf 87' lang='lat' dir='ltr'><strong>amicos</strong></span> <span class='ocrx_word' id='word_1_345' title='bbox 494 3681 522 3724; x_wconf 91' lang='lat' dir='ltr'><strong>et</strong></span> <span class='ocrx_word' id='word_1_346' title='bbox 532 3673 774 3743; x_wconf 69' lang='lat' dir='ltr'><strong>propinquissimi</strong></span> <span class='ocrx_word' id='word_1_347' title='bbox 798 3672 1002 3734; x_wconf 83' lang='lat' dir='ltr'><strong>interimemus,</strong></span> <span class='ocrx_word' id='word_1_348' title='bbox 1026 3672 1081 3725; x_wconf 84' lang='lat' dir='ltr'><strong>sive</strong></span> <span class='ocrx_word' id='word_1_349' title='bbox 1092 3672 1248 3734; x_wconf 82' lang='lat' dir='ltr'><strong>vincamur,</strong></span> <span class='ocrx_word' id='word_1_350' title='bbox 1275 3672 1360 3725; x_wconf 90' lang='lat' dir='ltr'><strong>mori-</strong></span> 
     </span>
     <span class='ocr_line' id='line_1_39' title="bbox 286 3739 1360 3814; baseline 0 -21"><span class='ocrx_word' id='word_1_351' title='bbox 286 3739 386 3793; x_wconf 87' lang='lat' dir='ltr'><strong>endum</strong></span> <span class='ocrx_word' id='word_1_352' title='bbox 409 3743 462 3793; x_wconf 91' lang='lat' dir='ltr'><strong>erit</strong></span> <span class='ocrx_word' id='word_1_353' title='bbox 482 3746 648 3809; x_wconf 76' lang='lat' dir='ltr'><strong>necessari05</strong></span> <span class='ocrx_word' id='word_1_354' title='bbox 669 3758 739 3813; x_wconf 88' lang='lat' dir='ltr'><strong>quse</strong></span> <span class='ocrx_word' id='word_1_355' title='bbox 757 3742 849 3794; x_wconf 87' lang='lat' dir='ltr'><strong>omnis</strong></span> <span class='ocrx_word' id='word_1_356' title='bbox 870 3760 886 3793; x_wconf 88' lang='lat' dir='ltr'><strong>a</strong></span> <span class='ocrx_word' id='word_1_357' title='bbox 910 3742 990 3793; x_wconf 90' lang='lat' dir='ltr'><strong>nobis</strong></span> <span class='ocrx_word' id='word_1_358' title='bbox 1014 3740 1102 3795; x_wconf 84' lang='lat' dir='ltr'><strong>aliena</strong></span> <span class='ocrx_word' id='word_1_359' title='bbox 1124 3750 1195 3794; x_wconf 86' lang='lat' dir='ltr'><strong>sunt.</strong></span> <span class='ocrx_word' id='word_1_360' title='bbox 1220 3741 1249 3795; x_wconf 87' lang='lat' dir='ltr'><strong>Si</strong></span> <span class='ocrx_word' id='word_1_361' title='bbox 1265 3743 1360 3814; x_wconf 86' lang='lat' dir='ltr'><strong>itaque</strong></span> 
     </span>
     <span class='ocr_line' id='line_1_40' title="bbox 289 3807 1360 3879; baseline 0 -18"><span class='ocrx_word' id='word_1_362' title='bbox 289 3818 318 3863; x_wconf 90' lang='lat' dir='ltr'><strong>et</strong></span> <span class='ocrx_word' id='word_1_363' title='bbox 336 3807 414 3861; x_wconf 82' lang='lat' dir='ltr'><strong>vobis</strong></span> <span class='ocrx_word' id='word_1_364' title='bbox 432 3810 575 3879; x_wconf 88' lang='lat' dir='ltr'><strong>probatur,</strong></span> <span class='ocrx_word' id='word_1_365' title='bbox 594 3816 633 3866; x_wconf 88' lang='lat' dir='ltr'><strong>ita</strong></span> <span class='ocrx_word' id='word_1_366' title='bbox 662 3812 809 3877; x_wconf 81' lang='lat' dir='ltr'><strong>iaciamus3</strong></span> <span class='ocrx_word' id='word_1_367' title='bbox 834 3812 876 3863; x_wconf 91' lang='lat' dir='ltr'><strong>sin</strong></span> <span class='ocrx_word' id='word_1_368' title='bbox 896 3812 1002 3874; x_wconf 88' lang='lat' dir='ltr'><strong>minus,</strong></span> <span class='ocrx_word' id='word_1_369' title='bbox 1018 3820 1048 3864; x_wconf 87' lang='lat' dir='ltr'><strong>at</strong></span> <span class='ocrx_word' id='word_1_370' title='bbox 1065 3818 1139 3864; x_wconf 80' lang='lat' dir='ltr'><strong>certe</strong></span> <span class='ocrx_word' id='word_1_371' title='bbox 1160 3828 1209 3863; x_wconf 87' lang='lat' dir='ltr'><strong>nos</strong></span> <span class='ocrx_word' id='word_1_372' title='bbox 1223 3828 1285 3862; x_wconf 82' lang='lat' dir='ltr'><strong>curn</strong></span> <span class='ocrx_word' id='word_1_373' title='bbox 1298 3828 1360 3863; x_wconf 84' lang='lat' dir='ltr'><strong>arce</strong></span> 
     </span>
     <span class='ocr_line' id='line_1_41' title="bbox 285 3880 1361 3948; baseline 0 -17"><span class='ocrx_word' id='word_1_374' title='bbox 285 3884 393 3931; x_wconf 86' lang='lat' dir='ltr'><strong>nosmet</strong></span> <span class='ocrx_word' id='word_1_375' title='bbox 406 3880 436 3932; x_wconf 89' lang='lat' dir='ltr'><strong>in</strong></span> <span class='ocrx_word' id='word_1_376' title='bbox 452 3896 546 3933; x_wconf 86' lang='lat' dir='ltr'><strong>manus</strong></span> <span class='ocrx_word' id='word_1_377' title='bbox 558 3884 594 3933; x_wconf 89' lang='lat' dir='ltr'><strong>im</strong></span> <span class='ocrx_word' id='word_1_378' title='bbox 615 3884 727 3934; x_wconf 80' lang='lat' dir='ltr'><strong>cratoris</strong></span> <span class='ocrx_word' id='word_1_379' title='bbox 742 3880 878 3933; x_wconf 86' lang='lat' dir='ltr'><strong>dedemus.</strong></span> <span class='ocrx_word' id='word_1_380' title='bbox 910 3880 1045 3933; x_wconf 77' lang='lat' dir='ltr'><strong>Hactenus</strong></span> <span class='ocrx_word' id='word_1_381' title='bbox 1058 3882 1107 3935; x_wconf 88' lang='lat' dir='ltr'><strong>iiii.</strong></span> <span class='ocrx_word' id='word_1_382' title='bbox 1143 3881 1255 3948; x_wconf 81' lang='lat' dir='ltr'><strong>Lyaicns</strong></span> <span class='ocrx_word' id='word_1_383' title='bbox 1270 3890 1361 3933; x_wconf 87' lang='lat' dir='ltr'><strong>autem</strong></span> 
     </span>
     <span class='ocr_line' id='line_1_42' title="bbox 286 3948 1360 4021; baseline 0 -20"><span class='ocrx_word' id='word_1_384' title='bbox 286 3956 316 4001; x_wconf 83' lang='lat' dir='ltr'><strong>et</strong></span> <span class='ocrx_word' id='word_1_385' title='bbox 334 3948 409 4019; x_wconf 89' lang='lat' dir='ltr'><strong>quia</strong></span> <span class='ocrx_word' id='word_1_386' title='bbox 425 3951 531 4002; x_wconf 89' lang='lat' dir='ltr'><strong>seniore</strong></span> <span class='ocrx_word' id='word_1_387' title='bbox 550 3951 704 4016; x_wconf 85' lang='lat' dir='ltr'><strong>sacsebant,</strong></span> <span class='ocrx_word' id='word_1_388' title='bbox 721 3951 831 4004; x_wconf 87' lang='lat' dir='ltr'><strong>consilii</strong></span> <span class='ocrx_word' id='word_1_389' title='bbox 844 3951 955 4018; x_wconf 89' lang='lat' dir='ltr'><strong>inopes,</strong></span> <span class='ocrx_word' id='word_1_390' title='bbox 972 3968 1026 4002; x_wconf 82' lang='lat' dir='ltr'><strong>nnn</strong></span> <span class='ocrx_word' id='word_1_391' title='bbox 1039 3968 1098 4003; x_wconf 88' lang='lat' dir='ltr'><strong>cum</strong></span> <span class='ocrx_word' id='word_1_392' title='bbox 1115 3951 1177 4003; x_wconf 89' lang='lat' dir='ltr'><strong>aliis</strong></span> <span class='ocrx_word' id='word_1_393' title='bbox 1198 3952 1360 4021; x_wconf 84' lang='lat' dir='ltr'><strong>impunitate</strong></span> 
     </span>
     <span class='ocr_line' id='line_1_43' title="bbox 286 4017 1362 4143; baseline 0.002 -74"><span class='ocrx_word' id='word_1_394' title='bbox 286 4018 388 4143; x_wconf 38' lang='grc' dir='ltr'><strong><em>φερτέρη,</em></strong></span> <span class='ocrx_word' id='word_1_395' title='bbox 411 4018 435 4069; x_wconf 90' lang='lat' dir='ltr'><strong>ai</strong></span> <span class='ocrx_word' id='word_1_396' title='bbox 462 4018 529 4091; x_wconf 82' lang='lat' dir='ltr'><strong>quid</strong></span> <span class='ocrx_word' id='word_1_397' title='bbox 561 4022 748 4091; x_wconf 83' lang='lat' dir='ltr'><strong>imperatorem</strong></span> <span class='ocrx_word' id='word_1_398' title='bbox 772 4017 963 4084; x_wconf 76' lang='lat' dir='ltr'><strong>ostendissent,</strong></span> <span class='ocrx_word' id='word_1_399' title='bbox 996 4028 1024 4072; x_wconf 88' lang='lat' dir='ltr'><strong>ct</strong></span> <span class='ocrx_word' id='word_1_400' title='bbox 1055 4038 1087 4075; x_wconf 87' lang='lat' dir='ltr'><strong>ea</strong></span> <span class='ocrx_word' id='word_1_401' title='bbox 1115 4021 1235 4091; x_wconf 83' lang='lat' dir='ltr'><strong>adepta,</strong></span> <span class='ocrx_word' id='word_1_402' title='bbox 1272 4036 1362 4077; x_wconf 80' lang='lat' dir='ltr'><strong>sscern</strong></span> 
     </span>
     <span class='ocr_line' id='line_1_44' title="bbox 288 4094 464 4147; baseline -0.011 -7"><span class='ocrx_word' id='word_1_403' title='bbox 288 4094 330 4147; x_wconf 77' lang='lat' dir='ltr'><strong>tm</strong></span> <span class='ocrx_word' id='word_1_404' title='bbox 378 4095 464 4141; x_wconf 83' lang='lat' dir='ltr'><strong>emnt</strong></span> 
     </span>
    </p>
   </div>
   <div class='ocr_carea' id='block_1_4' title="bbox 356 4156 1364 4237">
    <p class='ocr_par' dir='ltr' id='par_1_10' title="bbox 356 4156 1364 4237">
     <span class='ocr_line' id='line_1_45' title="bbox 356 4156 1364 4237; baseline 0.001 -27"><span class='ocrx_word' id='word_1_405' title='bbox 356 4158 401 4229; x_wconf 69' lang='lat'><strong>5⁴.</strong></span> <span class='ocrx_word' id='word_1_406' title='bbox 432 4157 568 4231; x_wconf 72' lang='lat' dir='ltr'><strong>Ingressus</strong></span> <span class='ocrx_word' id='word_1_407' title='bbox 590 4160 751 4231; x_wconf 73' lang='lat' dir='ltr'><strong>imperitos,</strong></span> <span class='ocrx_word' id='word_1_408' title='bbox 778 4156 975 4237; x_wconf 83' lang='lat' dir='ltr'><strong>ndscriptisque</strong></span> <span class='ocrx_word' id='word_1_409' title='bbox 997 4158 1033 4215; x_wconf 82' lang='lat' dir='ltr'><strong>nd</strong></span> <span class='ocrx_word' id='word_1_410' title='bbox 1050 4174 1115 4217; x_wconf 80' lang='lat' dir='ltr'><strong>suns</strong></span> <span class='ocrx_word' id='word_1_411' title='bbox 1144 4165 1281 4235; x_wconf 81' lang='lat' dir='ltr'><strong>quotquot</strong></span> <span class='ocrx_word' id='word_1_412' title='bbox 1310 4174 1364 4215; x_wconf 79' lang='lat' dir='ltr'><strong>auo</strong></span> 
     </span>
    </p>
   </div>
   <div class='ocr_carea' id='block_1_5' title="bbox 0 0 1543 4900">
    <p class='ocr_par' dir='ltr' id='par_1_11' title="bbox 0 0 1543 4900">
     <span class='ocr_line' id='line_1_46' title="bbox 0 0 1543 4900; baseline 0 0"><span class='ocrx_word' id='word_1_413' title='bbox 0 0 1543 4900; x_wconf 95' lang='lat' dir='ltr'><strong> </strong></span> 
     </span>
    </p>
   </div>
  </div>
 </body>
</html>
