3025 4900
439 372 746 436 rossemanum
775 373 803 436 r.
835 370 866 438 a.
1132 348 1217 471 Ι3η

118 533 237 620 μσχίαν
258 531 352 622 arioni
371 536 428 600 rori
442 535 555 620 Κρόλη
576 535 611 601 έν
632 536 753 624 βεβαίιρ
777 541 907 604 κεῖσθαι
932 538 1158 624 διῖσχυριζετο,
1180 531 1298 624 ἢνλ.0.
1308 549 1378 606 1³20

117 637 211 720 μόνον
231 633 316 722 πρός
344 643 410 712 τοῖς
430 635 543 722 μέρεσι
569 635 698 722 γένηται
718 639 939 715 Μακεδονιας.
980 636 1062 704 οὕτω
1082 641 1144 722 μὲν
1164 641 1221 705 καί

119 738 192 824 περί
200 739 258 822 τῆς
268 741 327 802 τοῦ
339 739 454 824 Κρείλη
464 739 654 821 συμμαχίας
671 737 689 803 ό
700 739 977 827 νόοςἈνδρόνικος
989 741 1218 826 κατεπράξατο.

117 839 170 905 τόν
188 840 299 922 μέντοι
310 840 449 922 βασιλέα
470 842 526 905 καί
547 841 677 904 πάππον
697 839 784 924 όρῶν
803 842 871 918 ’τοῖς
891 837 988 924 ἤθεσι
1007 840 1064 906 καί
1083 847 1149 917 τοῖς
1163 840 1218 906 λό-
1279 852 1281 857 ’

101 955 184 1025 cyon
212 941 270 1023 τῆς
300 940 459 1025 προτέρας
481 941 673 1024 δυσμενείας
693 940 752 1022 υόχ
775 939 964 1028 όφιέμενσν,
998 939 1037 1006 τό
1061 938 1143 1027 πρός
1163 940 1248 1025 τὴνΒ

117 1041 205 1104 ἰδίαν
228 1037 375 1126 φυλακην
398 1039 566 1125 ἔξηρτόετο
586 1042 642 1107 καί
663 1039 770 1125 αὐτός,
795 1044 886 1107 τοῦτο
909 1041 1140 1123 διανοούμενος,
1175 1039 1219 1118 σός

117 1140 146 1204 εἰ
165 1141 225 1222 μὲν
244 1141 352 1226 τρόπιρ
377 1140 415 1223 δή
436 1165 498 1205 τινι
522 1143 691 1228 διαλυθείη
716 1141 752 1205 τὰ
777 1142 931 1226 δυσχερῆ,
952 1138 1014 1204 όπό
1030 1142 1076 1226 τῷ
1089 1145 1225 1225 βασιλεῖ

116 1243 171 1307 καί
192 1243 312 1328 πάππῳ
334 1245 471 1306 τελέσαι
496 1237 593 1327 ἄχρις
615 1241 654 1306 ἂν
676 1243 807 1328 α’ποστῇ
825 1244 882 1306 τοῦ
904 1243 970 1326 ζῇν·
1000 1240 1030 1304 εἰ
1052 1242 1081 1306 δ’
1102 1241 1158 1307 ἐπὶ
1178 1240 1219 1306 τὰ

117 1342 228 1426 πρόσω
249 1343 358 1426 προίοι
379 1342 435 1406 καί
455 1337 518 1426 ἤδη
541 1341 623 1426 πρός
643 1344 731 1418 τέλος
746 1342 866 1427 ιἠγιζοι
882 1338 990 1426 κακόν,
1009 1340 1071 1406 τότ’
1084 1336 1146 1426 ἤδη
1162 1343 1219 1425 τῆς

86 1443 283 1524 Ιοβασιλίδος
303 1443 366 1508 τῶν
387 1441 511 1506 πόλεων
527 1441 680 1532 όποστόις,
702 1437 818 1509 ἑαυτόν
837 1465 872 1507 τε
895 1441 1050 1522 διαστόζοι
1071 1441 1127 1514 καί
1146 1437 1219 1518 τοδς

116 1543 281 1616 συνόντας·
301 1544 334 1607 ἐν
355 1550 421 1618 τοῖς
442 1543 659 1630 τυισότοιςδη
680 1544 871 1630 τριβομένου
893 1545 951 1607 τοῦ
969 1543 1104 1628 χρόνον,
1126 1539 1218 1608 καίό

115 1643 300 1726 §meopte
325 1643 494 1729 Θεόδωρος
516 1641 613 1709 όκάἰ
634 1644 890 1730 πρωτοστρότοιρ
920 1636 994 1728 ἧκεν
1018 1644 1065 1721 εἰς
1085 1644 1219 1724 Βυζάν-

115 1766 181 1808 τιον
203 1745 238 1809 ἐκ
260 1745 318 1826 τῆς
338 1737 477 1828 ἑσπέρας
498 1747 702 1829 παραλυθείς
730 1747 785 1828 τῆς
818 1744 931 1829 ἀρχῆς·
964 1745 1159 1829 ἐπετρόπευε
1183 1745 1218 1809 δέ

115 1844 312 1929 Πριλλόπου
326 1845 383 1908 καί
395 1847 459 1908 ταῖν
470 1846 545 1931 περί
561 1845 657 1910 αὐτόν
670 1849 791 1930 χωρῶν
804 1870 838 1911 τε
851 1847 907 1912 καί
919 1847 1094 1926 πολιχνίων
1112 1869 1217 1910 καται-

86 1943 197 2028 15τέρω
219 1945 439 2020 Μακεδονιας.
474 1940 514 2030 ἦν
543 1947 572 2010 δ’
595 1944 613 2010 ό
635 1945 820 2032 Συναδηνός
844 1939 934 2022 οὗτος
959 1948 994 2024 ἐξ
1017 1945 1248 2033 εόπατριδοόνῦ

116 2044 171 2108 καί
190 2043 227 2108 τό
247 2043 336 2127 γένος
350 2047 538 2131 περιφανής·
560 2046 722 2131 μητρόθεν
741 2044 882 2132 μὲνγὰρ
904 2045 951 2122 εἰς
964 2047 1121 2128 βασιλέας
1139 2043 1219 2129 αἰνῆ-

115 2141 286 2228 γετόςτοό
302 2145 414 2228 γένους
427 2145 549 2228 σειρὰς,
572 2149 606 2226 ἐξ
623 2147 766 2232 ἀδελφοῦ
779 2150 836 2212 τοῦ
848 2146 976 2233 πρυότου
991 2149 1054 2208 τῶν
1065 2148 1219 2211 Παλαισ-
1275 2193 1282 2203 .

117 2247 219 2332 λόγων
238 2247 488 2328 βασιλεόσαντος
511 2247 651 2332 Μιχαὴλ
676 2251 731 2332 τῆς
749 2249 870 2334 μητρός
894 2246 983 2334 αότρῖ
1000 2246 1216 2332 γεννηθείσης

116 2346 134 2412 ό
157 2349 192 2413 δέ
213 2370 249 2432 γε
270 2344 376 2432 πατὴρ
398 2349 455 2410 τοῦ
479 2347 559 2432 πρός
581 2342 721 2433 ἑσπέραν
740 2353 821 2413 κατὰ
844 2348 900 2433 τὴν
913 2348 1104 2430 Δαλματίαν
1126 2353 1220 2430 λεγο-

84 2451 214 2529 λομένου
227 2446 381 2532 Πολόγου
395 2449 559 2535 τοπτίρχης
575 2445 623 2533 ἢν·
650 2447 688 2533 ἣν
711 2449 750 2534 δὴ
770 2449 952 2530 τοπαρχίαν
972 2447 1030 2512 σόν
1051 2439 1159 2535 ἑαυτῷ
1171 2449 1219 2535 τρῖ

116 2549 229 2635 πρυόττρ
246 2550 310 2613 τοῖν
324 2548 486 2632 βασιλέων
498 2552 711 2636 προσαγαγών
720 2552 937 2637 Παλαιρλόγῳ
947 2550 993 2637 τῷ
1003 2546 1142 2633 Μιχαὴλ
1161 2548 1219 2613 καί

115 2648 299 2733 όποχείριον
322 2649 501 2728 ἀποδείξας
513 2650 610 2738 adripi,
634 2655 734 2735 τιμυόν
756 2675 791 2717 τε
812 2650 937 2736 η’ξιιόθη
957 2651 1106 2735 μτγόλων
1126 2636 1218 2732 παρόι

112 2746 284 2832 Ῥωμαίοις
295 2736 352 2816 κατ’
360 2750 466 2833 γόμου
478 2752 645 2827 κοινωνίας
658 2754 845 2839 ἐπιφανοῦς,
868 2756 908 2839 τῇ
923 2752 1084 2833 βασιλέως
1096 2750 1218 2839 όνεψιηῖ

114 2852 303 2935 συναφθείς·
329 2842 420 2926 οὗτος
436 2851 541 2916 τοίνυν
554 2850 572 2916 ό
585 2853 842 2937 πρωτοστρόταιρ
857 2854 891 2917 ἐκ
905 2854 962 2935 τῆς
974 2843 1124 2933 ἑσπέρας,
1146 2848 1216 2915 οἵσ-

81 2962 176 3031 λόπερ
198 2948 330 3037 ἔφημεν,
358 2950 404 3027 εἰς
425 2952 603 3031 Βυζάντιον
630 2950 833 3036 ἀφικόμενος,
857 2951 912 3016 καί
932 2950 995 3017 ὅσα
1016 2949 1097 3034 πρός
1117 2955 1247 3034 βασι-1)

114 3081 267 3133 societatem
294 3088 446 3135 asseverat:
478 3088 578 3135 tantbm
607 3088 718 3150 propter
742 3082 929 3134 Macedoniam
954 3097 985 3132 se
1010 3080 1138 3132 collocet.
1176 3080 1216 3134 be
1353 3059 1358 3092 ¹

114 3146 192 3203 Graia
212 3154 322 3223 quidem
343 3154 376 3205 ad
397 3168 459 3205 snas
478 3162 566 3221 partes
584 3155 761 3221 adiungendo
773 3154 945 3207 Andronicus
962 3154 1052 3203 minor
1071 3152 1123 3203 boc
1141 3152 1215 3205 iecit.

115 3224 337 3277 Animadvertens
350 3232 437 3278 antem
456 3241 533 3278 avum
553 3228 586 3278 de
606 3228 719 3294 pristina
735 3226 928 3278 malevolentia
946 3240 998 3277 nec
1017 3222 1147 3287 moribus,
1164 3240 1216 3278 oee

116 3294 203 3346 serbis
221 3298 367 3360 remittere,
388 3299 524 3362 ‚securitati
536 3312 599 3349 suso
612 3298 806 3365 prospiciebat,
827 3312 984 3364 proponens
1003 3296 1074 3362 apud
1087 3298 1214 3363 animum,

116 3366 139 3415 si
157 3382 210 3433 qno
228 3368 310 3419 modo
331 3375 382 3419 tarn
401 3368 508 3421 turbida
521 3376 663 3436 tempestas
685 3370 834 3433 sedaretur,
855 3371 883 3420 in
902 3370 946 3419 avi
968 3366 1080 3429 arbitrio
1095 3383 1214 3435 manere,

116 3438 239 3503 quamdin
260 3439 303 3491 ilii
330 3441 385 3491 vita
404 3442 605 3506 suppeditaret:
635 3442 677 3492 sio
698 3441 811 3493 ulterius
840 3440 1054 3509 progrederetur
1083 3440 1214 3509 iurorqua

115 3508 145 3559 ad
164 3524 292 3562 sommum
313 3512 479 3578 perveniret,
499 3513 695 3578 imperatricem
717 3512 823 3564 urbium
833 3513 969 3573 deserere,
988 3519 1015 3561 et
1034 3527 1064 3563 se
1082 3528 1141 3563 cnm
1158 3514 1215 3565 suis

114 3589 296 3633 sanserrstnm
319 3584 368 3634 iro.
406 3582 473 3633 Dum
496 3584 524 3634 in
550 3583 591 3634 bis
609 3589 713 3649 tempos
733 3588 853 3651 ponitur,
883 3582 1040 3634 Theodorus
1058 3583 1235 3649 Synadenus*

114 3658 290 3715 protostrator
300 3655 444 3706 vacatione
458 3662 570 3722 accepta
588 3654 621 3705 ab
633 3656 774 3709 occidente
793 3655 947 3721 Byzantium
961 3657 1050 3707 renit:
1069 3654 1215 3725 Priliapnra

114 3722 256 3790 siqnidem,
278 3726 443 3794 finitimaque
463 3724 535 3789 loca,
554 3732 581 3777 et
599 3727 731 3779 interiora
747 3726 922 3779 Macedoniae
943 3726 1215 3795 oppiduiaprocnra-

114 3802 197 3858 verat,
218 3798 260 3848 air
278 3798 359 3849 domo
382 3795 486 3849 nobilis
507 3803 533 3849 et
549 3796 714 3864 ampiissimo
726 3814 827 3867 genere
844 3804 929 3851 natos.
950 3798 1013 3849 liam
1035 3814 1088 3867 qua
1107 3799 1142 3850 de
1158 3814 1215 3849 ma-

112 3872 161 3927 tre,
182 3868 355 3935 imperatores
374 3867 529 3936 attingebat,
548 3871 619 3937 quod
642 3886 673 3921 ea
700 3872 781 3923 iratre
799 3868 939 3936 biiciraeiis
965 3870 1044 3938 primi
1066 3870 1215 3935 imperato-

112 3937 147 3987 ris
168 3936 325 4007 Palaeoiopi
340 3948 479 4006 procreata
491 3947 576 4003 esset3
596 3949 671 4007 pater
689 3942 718 3993 io
730 3942 874 3994 occidente
891 3941 961 4008 apud
979 3940 1110 3992 Dalmatas
1130 3940 1214 3993 Polo·

109 4024 173 4076 gom
192 4012 357 4078 toparchiam
380 4011 528 4080 obtinebat.
558 4013 641 4075 Quam
662 4014 725 4081 quia
745 4028 797 4068 noa
817 4030 907 4065 secum
926 4012 1053 4063 biiehaeii
1075 4013 1213 4065 iamdicto

110 4080 255 4147 obtulerat,
277 4086 393 4153 eiusque
413 4084 510 4136 ditioni
533 4085 696 4149 subiecerat,
716 4086 829 4137 eximios
849 4084 919 4152 opud
939 4085 1074 4135 Romanos
1094 4084 1214 4136 bonores

108 4152 221 4219 adeptos
247 4163 274 4207 et
298 4154 479 4207 consobrinae
509 4157 679 4227 imperatoris
707 4158 857 4223 copulatos,
883 4155 1058 4223 superboque
1081 4158 1212 4223 coningio

109 4222 234 4291 dignatas
254 4228 351 4279 inerat.
391 4226 440 4278 iiic
458 4234 487 4278 ot
506 4226 663 4295 Byzantium
684 4230 805 4292 intravit,
830 4219 1003 4295 seniorisque
1022 4228 1054 4278 ad
1077 4228 1211 4278 iuniorem

109 4298 334 4359 pessumdandum
355 4305 382 4349 et
398 4300 570 4353 evertendum
591 4301 664 4352 dicta
682 4300 752 4351 iacta
774 4302 864 4357 omnia
882 4300 1014 4366 percepit,
1044 4312 1103 4349 com
1133 4298 1212 4349 dete·

108 4371 226 4423 station
245 4377 338 4424 tantae
349 4371 501 4441 iniquitatis
513 4371 703 4425 incredibilem
722 4372 812 4425 animo
831 4371 955 4425 dotorem
974 4371 1117 4437 persensit.
1135 4368 1220 4435 Quam
