3025 4900
300 371 380 472 242
695 336 976 458 centnm

151 555 213 618 ³.ss
226 557 289 626 ¹³²7
298 550 493 632 κομίσασθαι
509 545 614 636 χρόνῳ
637 543 733 634 ῥητῷ·
753 545 906 628 ,,οῦκοῦιί’
925 543 945 611 ό
961 543 1112 630 βασιλεῦς
1136 541 1199 632 ἔφη
1217 545 1270 626 ,,εἰ
1287 544 1379 610 τοῦτο

299 648 451 734 δυσχερὲς
472 648 574 728 δοκεῖ,
603 643 657 710 καί
678 643 719 709 τά
738 646 837 729 ἧμίση
861 645 1086 720 καταλιπόντες
1109 644 1244 725 τοῦταν,
1270 645 1313 729 τῷ
1328 665 1381 708 τε·

299 745 403 833 τάρτιρ
431 747 531 833 μορίῳ
554 746 613 807 τοῦ
641 737 714 808 ὅλου
737 739 1003 828 ἀρκεσθησόμεθα
1030 743 1086 826 τῆς
1106 737 1227 826 εἰρήνης
1245 739 1302 804 καί
1319 744 1378 824 τῆς

296 841 441 926 ὁμονοίας
462 840 589 928 χάριν.”
627 842 656 906 οῖ
679 843 714 908 δὲ
742 837 931 916 ἀκούσαντες
950 840 1104 926 ἐπῄνεσάν
1125 862 1159 904 τε
1183 837 1227 914 οἷς
1250 837 1379 922 κρείττω

298 943 469 1026 χρημάτων
486 939 541 1007 τόν
556 943 709 1024 βασιλέα,
738 937 794 1004 καί
810 935 1035 1026 ἀναμφιβόλως
1051 936 1190 1025 ἔφασκον
1212 931 1395 1020 demetri-5

297 1046 412 1106 σεσδαι
432 1037 470 1105 τά
498 1041 655 1123 εἰρημένα.
692 1035 735 1115 τός
767 1041 803 1103 δὲ
829 1031 912 1102 εἰδεν
937 1035 992 1101 tut
1012 1036 1132 1110 venitote
1160 1037 1382 1115 συνθεμένους,

297 1139 488 1222 βουλόμενος
509 1135 525 1202 ό
543 1133 713 1220 βασιλεῦς,
741 1136 785 1211 τός
802 1134 859 1201 καί
877 1137 940 1200 τάν
960 1138 1041 1200 πάσι
1060 1132 1230 1200 δοκούντων
1245 1155 1383 1218 μετριω-

267 1236 402 1304 Ιλτάτων
420 1234 473 1301 διά
497 1233 534 1301 τό
549 1234 605 1302 τόν
619 1233 754 1316 πόλεμον
770 1238 989 1319 καταλυθῆναι
999 1235 1161 1313 ε’ξιλτταται
1179 1229 1269 1316 ἓκοόν,
1290 1234 1385 1317 ποιῆ-

295 1361 354 1403 σαι
374 1335 520 1423 φανερόν,
538 1337 650 1417 ,,δίον”
670 1331 732 1421 ἔφη
752 1337 829 1416 ,,και“
841 1333 930 1414 ῦμῖν,
954 1331 1036 1399 κατά
1060 1356 1096 1398 τε
1116 1331 1174 1417 τὴν
1194 1331 1269 1398 όδόν
1284 1355 1384 1395 πεπο-

196 1445 227 1500 V.
243 1462 291 1500 rao
302 1434 410 1522 νηκόσι
430 1436 486 1498 καί
507 1429 615 1521 ἀσιτίη
638 1435 996 1520 προσταλαιπωρήσασιν
1010 1427 1084 1517 όλην
1100 1429 1158 1517 τὴν
1170 1431 1299 1518 ἡμέραν,
1318 1428 1425 1513 χά-ιο

299 1559 350 1622 ριν
368 1531 556 1598 καταδεῖναί
565 1556 646 1596 τινα.
667 1531 780 1596 ου’κοῦν
797 1528 853 1596 καί
868 1529 904 1596 τό
918 1535 1067 1617 τέταρτον
1086 1535 1149 1597 τοῦν
1169 1529 1381 1616 ὀφειλομένων

297 1631 467 1718 χρημάτων
499 1629 617 1716 ἀφίημι
645 1629 735 1712 ῦμῦν
762 1627 878 1714 χάριν,
911 1632 967 1695 καί
996 1629 1090 1694 οῦδὲν
1118 1625 1206 1715 παρά
1227 1625 1383 1708 βασιλέως

300 1730 424 1796 ἀπαιτῶ
455 1725 537 1812 πλὴν
566 1723 624 1792 όσα
648 1726 677 1792 οἱ
705 1725 746 1792 τά
773 1726 911 1812 δημόσια
940 1729 1132 1802 διοικοῦντες
1165 1728 1267 1800 αἰτίοις
1292 1720 1383 1798 τινάς

300 1825 494 1910 πλασάμενοι
512 1828 656 1909 ψευδεῖς,
685 1815 951 1913 ἀποστερήσαντες
967 1829 1123 1909 βασιλέως
1134 1822 1263 1908 ἔχουσιν
1280 1823 1383 1904 αῦτοί,

301 1929 490 2006 ἀποδείξεως
510 1929 677 2008 γενομένης
696 1925 863 2009 ἐναργοῦς,
883 1929 985 1988 ταῦτα
1003 1923 1143 2007 λαβόντα
1167 1927 1323 2005 διανεῖμαι
1344 1923 1424 2007 τῇιῦ

301 2029 435 2114 στρατιᾷ
454 2027 569 2109 μικρᾶς
584 2023 672 2088 ἕνεκά
689 2046 771 2099 τινος
789 2021 1008 2108 παραμυθίας.
1026 2020 1073 2108 μη
1091 2021 1278 2107 θαυμάσητε
1293 2023 1338 2103 δὲ,
1354 2023 1385 2086 εἰ

302 2123 443 2211 περὶτοῦ
461 2117 506 2206 μη
522 2124 588 2184 δεῖν
606 2119 661 2186 ε’πί
678 2131 750 2197 ταῖς
774 2116 891 2206 ἑτέρων
915 2121 1142 2206 κακοπραγιαις
1165 2123 1268 2206 ἕτερον
1284 2143 1385 2202 μεμα-

212 2227 455 2303 Ρ.15ολοφυχείν
478 2221 535 2284 καί
550 2224 788 2303 φιλοτιμεῖσθαι
807 2217 908 2284 πολλά
928 2217 1082 2306 πρότερον
1096 2215 1208 2299 εἰποόν,
1228 2220 1286 2282 νῦν
1301 2213 1385 2282 οῦτω

301 2316 483 2407 ῥηδάοςτά
512 2327 577 2392 τοῖς
605 2315 811 2402 στρατιώταις
840 2317 1031 2405 ἀφειλόμενα
1052 2317 1201 2404 χρήματα
1223 2313 1387 2402 πρόειμαι.

300 2415 359 2483 ἰόν
374 2414 434 2503 γάρ
455 2417 499 2494 εἰς
512 2413 568 2482 τόν
593 2417 706 2503 ἐφεξῆς
715 2414 833 2503 χρόνον
847 2415 930 2483 κατά
951 2414 1027 2493 τοῦς
1041 2411 1155 2501 όρκους
1169 2417 1224 2481 καί
1235 2411 1293 2491 τάς
1310 2439 1430 2486 συν·αο

301 2515 402 2603 δηκας
424 2516 445 2601 ἦ
465 2514 634 2601 τεταγμένη
649 2514 836 2603 μισθοφορά
853 2521 1031 2603 παρέχηται
1052 2510 1179 2597 αῦτοῖς,
1200 2513 1241 2581 τά
1261 2510 1387 2601 ἀφειλό-

265 2694 268 2703 p
301 2639 383 2697 μενα
401 2617 456 2681 ἰαί
475 2618 518 2701 τῷ
543 2616 660 2699 προτοῦ
677 2613 761 2680 πάνυ
783 2618 947 2702 φιλοῦντες
966 2617 1041 2697 ε’μοί
1059 2617 1247 2699 χαριοῦνται
1269 2611 1387 2700 χ’ρόνιρ.
1462 2667 1465 2677 .

304 2706 407 2788 άλλως
428 2737 464 2777 τε
485 2708 592 2777 ἔδεισα
613 2712 657 2795 μή
680 2736 726 2789 τις
749 2715 805 2778 καί
826 2711 880 2777 διά
895 2716 997 2777 ταῦτα
1010 2714 1138 2797 γένηται
1156 2709 1293 2795 ἀναβολὴ
1307 2708 1388 2796 πρός

303 2809 363 2897 τὴν
382 2810 523 2899 εἰρήνην,
545 2810 599 2877 καί
615 2806 755 2894 δόξωμεν
774 2813 895 2894 μᾶλλον
909 2810 1084 2896 ἕξεπάηδες
1102 2808 1156 2874 τόν
1177 2808 1312 2891 πόλεμον
1334 2804 1388 2873 αό-

307 2966 430 3019 roivere:
446 2962 562 3033 proinde
579 2982 629 3037 pro
642 2964 721 3034 copie
733 2982 807 3018 nunc
823 2968 992 3036 acciperent,
1006 2964 1142 3035 reliquum
1157 2964 1192 3017 ed
1212 2962 1284 3017 diem
1303 2978 1387 3033 prae·

306 3036 412 3087 finitam
426 3036 572 3104 recepturi.
609 3036 637 3088 Si
652 3035 705 3087 hoc
723 3036 836 3088 difficile
852 3037 973 3104 putetis,
997 3037 1101 3106 excipit
1119 3038 1280 3106 imperator,
1301 3036 1388 3086 etiam

307 3104 424 3157 dimidio
450 3106 579 3168 remitto,
605 3106 701 3175 quarta
722 3113 799 3173 perte
823 3109 898 3173 pacir
925 3114 955 3158 et
981 3104 1142 3172 concordiae
1167 3122 1244 3157 cauea
1262 3104 1402 3155 contenti·

307 3177 416 3227 erimur.
454 3174 515 3243 Quo
533 3173 642 3237 audito,
662 3174 784 3243 episcopi
803 3192 866 3227 eum
883 3183 914 3228 ut
931 3192 948 3227 a
967 3177 1083 3245 pecunia
1097 3176 1228 3229 invictum
1248 3191 1388 3225 commen-

307 3244 419 3307 darunt,
436 3243 711 3313 spoponderuntque‚
727 3246 795 3297 citro
806 3247 1013 3297 controversiam
1029 3254 1135 3315 partem
1152 3246 1250 3297 dictam
1265 3244 1390 3297 rolatum

307 3314 351 3373 iri,
370 3316 518 3383 imperator
534 3320 565 3363 ut
577 3313 607 3363 in
621 3310 674 3364 hoc
684 3330 775 3365 recum
793 3315 925 3367 iacientes
943 3315 1022 3378 vidit,
1045 3317 1138 3368 volent
1153 3324 1274 3368 conctare
1297 3315 1390 3365 omni—

307 3383 374 3447 bur,
393 3402 421 3437 re
442 3384 560 3436 libenter
576 3382 645 3433 belii
664 3384 782 3435 toiiendi
797 3400 877 3437 caure
899 3383 933 3435 de
950 3385 1009 3436 iure
1028 3403 1076 3437 ruo
1096 3388 1178 3439 etiam
1199 3388 1228 3437 in
1245 3386 1297 3446 iir,
1315 3398 1390 3455 quae

308 3462 400 3505 errent
413 3454 533 3506 omnium
546 3452 716 3505 coniectione
730 3454 957 3517 moderatiorime,
973 3453 1124 3521 decedere,
1143 3457 1268 3525 Oportet,
1286 3454 1391 3525 inquit,

310 3524 426 3575 etvobir
444 3522 479 3575 de
492 3524 536 3574 via
549 3522 626 3575 serrir
646 3530 675 3575 et
688 3524 772 3575 totius
790 3523 846 3576 diei
869 3523 962 3576 inedie
987 3527 1105 3588 venetie,
1133 3526 1245 3596 gratiam
1268 3525 1392 3595 aliquem

309 3592 466 3658 rependere.
503 3594 598 3664 Itaque
618 3598 646 3643 et
664 3600 789 3662 quartam
810 3602 913 3661 partem
934 3593 1046 3647 debitoe
1069 3597 1201 3665 pecuniae
1222 3596 1393 3666 ingratiam

308 3662 427 3713 vertram'
443 3664 566 3715 remitto:
582 3670 610 3714 et
628 3658 663 3713 ab
685 3678 733 3715 avo
758 3663 830 3715 nihii
848 3666 892 3715 exi
910 3682 941 3728 o,
959 3666 1013 3717 αἰεί
1033 3666 1108 3735 quod
1129 3675 1304 3737 quaestores,
1321 3680 1393 3715 con-

310 3730 379 3781 fictir
400 3730 563 3815 quibusdam
577 3732 663 3784 courir
678 3732 841 3802 imperatore
857 3683 1027 3798 δεάτααάεῑυ,
1044 3735 1099 3788 ribi
1114 3739 1244 3799 retinent,
1262 3734 1292 3788 id
1308 3732 1386 3804 quod

308 3798 578 3921 probaprtperrplpcue
593 3810 755 3926 ιρυῑεεῑ,Νιοι
769 3803 840 3856 hanc
853 3822 982 3857 summam
1006 3804 1042 3889 ed
1053 3806 1243 3889 qualeccrnque
1261 3805 1393 3857 rolatium

321 3886 339 3921 n
359 3886 418 3920 mir
448 3887 474 3921 m
520 3887 592 3939 rrper
606 3890 666 3924 ram.
729 3890 744 3925 e
766 3883 858 3927 tamen
876 3892 922 3926 ror
944 3876 1088 3927 admiratio
1110 3884 1213 3945 captet,
1242 3872 1391 3945 quomodo,

308 3954 368 3990 cum
382 3947 445 3991 onte
458 3940 627 4005 affirmarim,
644 3959 700 3995 non
717 3954 844 4013 oportere
854 3945 883 3996 in
896 3944 992 3998 alienia
1005 3945 1122 3998 mireriir
1137 3946 1392 4015 magnanimitatem

309 4016 461 4072 ostentare,
479 4026 552 4061 nunc
564 4010 632 4063 adeo
644 4030 701 4065 non
717 4022 897 4085 repugnanter
907 4014 1002 4067 debita
1015 4016 1150 4068 militibus
1168 4014 1303 4085 stipendia
1317 4030 1390 4065 con-

310 4077 418 4132 donem.
454 4078 485 4129 si
507 4094 624 4149 namque
645 4080 681 4134 de
702 4092 793 4137 cetero
812 4102 847 4137 ει
867 4082 979 4137 foedere
999 4086 1148 4138 constituta
1165 4084 1303 4155 atipendie
1321 4099 1393 4152 per-

202 4216 204 4223 ,
309 4148 463 4209 nitentur,
490 4164 560 4217 quae
575 4164 609 4199 cx
627 4159 781 4221 antegreero
803 4162 926 4224 tempore
954 4156 1011 4208 iiiia
1029 4154 1183 4217 debentur,
1214 4172 1263 4225 pro
1285 4154 1393 4207 eximio

310 4232 414 4281 rmore,
430 4234 484 4288 quo
500 4234 542 4269 me
559 4214 687 4287 diligunt,
703 4221 773 4275 mihi
792 4224 942 4279 remittent.
984 4226 1124 4279 Praeterea
1144 4227 1245 4288 timeo,
1267 4242 1304 4277 ne
1322 4241 1393 4294 pro·

309 4296 371 4361 pter
388 4284 456 4343 hoec
469 4303 521 4359 pax
537 4284 677 4344 differetur
694 4290 886 4367 videamurque
898 4294 1022 4350 contuito
1039 4295 1144 4350 bellurn
1157 4293 1276 4351 trahere.
1294 4295 1393 4366 Quare
