3025 4900
516 323 752 390 autumno.
1090 331 1173 392 xvu
1217 294 1219 297 ’

93 501 372 587 pmvinniarumque
383 496 553 558 rectoribus
573 517 610 556 ac
627 493 700 557 belli
712 493 839 555 ducibus
848 497 995 558 maiorem
1007 496 1038 558 in
1049 496 1174 559 modum

92 600 481 680 commodaturamqtutem.
523 594 601 656 Cura
624 604 726 656 autem
745 597 848 654 virum
866 591 1023 676 politicum
1043 595 1083 656 ad
1097 595 1176 658 bene

89 701 253 784 regendm
273 697 343 758 aliis
363 694 663 780 qunquevirtntibus
678 691 775 754 nihilo
789 693 889 753 minus
910 695 1091 754 instructum
1110 715 1176 756 esse

89 811 244 884 oporteat,
265 817 306 858 ne
320 817 427 857 earum
446 794 568 876 quidem
594 791 729 874 exempla
748 792 988 874 documentaque
1002 791 1051 853 hic
1063 793 1177 854 flustra

89 901 237 982 requiras.
282 897 320 955 ln
334 894 445 977 quihus
459 893 557 975 qualis
572 892 663 953 fuerit
676 891 922 971 Cantecnzenus,
942 891 1022 952 infra
1036 893 1177 955 ostende·

87 1021 173 1060 mus:
203 1000 238 1058 in
250 1015 394 1078 praesens
414 993 530 1077 aliquid
551 992 589 1053 de
604 990 781 1052 Andronico
794 990 950 1070 dicemus,
980 1012 1091 1074 quem,
1121 994 1176 1075 qui

88 1122 109 1160 a
123 1098 278 1159 Clemente
291 1097 332 1160 V.
348 1094 490 1176 pontifice
511 1093 641 1153 maxiano
661 1093 694 1153 in
715 1101 867 1173 exnavag.
882 1091 1112 1173 communibus,
1139 1105 1177 1155 nt

87 1199 309 1260 hereticorum
337 1203 368 1255 et
382 1192 552 1254 schismatis
580 1193 695 1273 antiqui
709 1190 858 1252 fautorem
871 1194 1177 1254 excommunicatione

91 1315 267 1379 percussum
283 1294 455 1369 existimat,
475 1293 501 1352 is
519 1301 655 1372 tempora
670 1289 749 1351 male
761 1291 937 1372 componit,
957 1301 989 1351 et
1008 1281 1176 1373 ἅνιστορη-

90 1395 143 1480 nt'q
166 1395 326 1456 manifeste
352 1391 481 1454 laborat.
530 1391 590 1469 Qui
614 1391 695 1450 enim
720 1399 794 1450 tunc
821 1388 1010 1472 imperabat,
1043 1399 1075 1450 et
1096 1390 1177 1452 ultra

91 1495 190 1556 adhuc
213 1495 300 1554 annis
321 1489 495 1574 quindecim
515 1501 584 1572 post
598 1489 794 1552 Clementiae
816 1490 880 1549 vita
902 1488 1066 1550 discessum
1079 1492 1177 1572 impc-

91 1597 171 1656 rsvit
194 1592 389 1654 Andronicus
406 1590 525 1670 smior,
552 1609 639 1650 sacro
663 1589 718 1651 illo
739 1587 866 1649 fulmine
881 1598 979 1649 metus
998 1599 1054 1656 est.
1093 1589 1178 1673 Ergo

92 1695 123 1752 in
138 1691 318 1752 Andronico
336 1691 454 1750 iuniore
468 1687 631 1749 Christiani
654 1690 844 1772 imperatoris
859 1709 1050 1769 expressum,
1071 1711 1107 1750 ao
1128 1693 1178 1751 vi-

92 1811 168 1852 tum
182 1788 409 1874 quodammodo
432 1785 627 1853 simulacrum
641 1787 691 1850 hic
706 1789 894 1870 proponitur,
935 1787 993 1848 Est
1012 1789 1113 1866 enim,
1143 1799 1179 1850 ut

90 1893 196 1972 pansis
223 1900 254 1950 et
270 1889 446 1952 suametim
467 1907 602 1970 agamus,
624 1886 749 1967 excelsi,
771 1907 828 1950 nec
849 1887 949 1948 minua
968 1886 1097 1950 modesti
1111 1890 1178 1949 ani-

88 1993 145 2068 mi,
164 1987 332 2066 beneficus,
353 1985 439 2048 sortis
454 1997 485 2046 et
502 2007 675 2068 generosus,
696 1985 841 2048 adversus
851 1985 932 2050 bene
943 1995 1093 2048 merentes
1108 2009 1178 2071 gra-

88 2101 149 2168 tus,
171 2088 337 2167 humanus,
357 2085 548 2164 imuriarum,
569 2085 769 2168 labontmque
786 2083 932 2165 tolerans,
952 2086 985 2146 in
997 2086 1179 2168 ignoscendo

88 2189 191 2268 mitis,
221 2165 411 2264 misericors,
443 2187 526 2266 pacis
539 2185 688 2268 cupidus,
716 2186 749 2246 in
772 2182 971 2246 consultando
988 2205 1059 2246 cum
1076 2187 1180 2246 amicis

88 2286 218 2368 diligm
245 2283 346 2367 (qnod
364 2295 471 2344 contra
493 2287 637 2346 mentitur
656 2285 829 2366 Gregoras,
859 2284 933 2344 dum
955 2283 1081 2346 consilia
1095 2283 1181 2347 nulla

88 2385 268 2463 admisisse,
299 2395 330 2446 et
346 2385 507 2466 impetium
525 2378 688 2467 neglexisse
705 2383 859 2460 autumat)
876 2382 918 2443 ab
936 2382 1008 2444 odio
1025 2385 1059 2444 in
1072 2405 1178 2469 quan-

89 2506 183 2566 quam
208 2483 401 2565 suscipiendo
423 2482 556 2563 alienus,
582 2485 727 2566 pecuniae
740 2482 892 2563 liberalis,
913 2484 1090 2545 aedificandi
1114 2496 1180 2546 stu-

89 2583 216 2661 diosns,
247 2604 320 2664 erga
343 2583 465 2659 Deum,
497 2580 638 2663 caelites,
666 2582 857 2661 sacerdotes,
890 2604 982 2645 avum
1003 2586 1081 2645 mire
1100 2586 1199 2666 pius..

89 2682 200 2743 hamt
216 2682 251 2741 in
265 2680 314 2743 his
329 2680 414 2742 libris
427 2683 551 2763 insuper
565 2680 623 2743 alia
638 2684 671 2743 in
686 2680 752 2743 aliia
764 2681 991 2764 praeclarorum
998 2683 1179 2762 facinorum,

86 2792 116 2841 ct
130 2778 237 2861 (quod
251 2779 501 2841 dissimulandum
525 2802 587 2841 nou
601 2782 661 2863 est)
677 2784 768 2843 etiam
785 2784 949 2865 insignium
962 2785 1108 2845 vitiorum
1127 2804 1180 2844 ex·
1261 2778 1265 2786 ’

86 2878 215 2961 ernpla:
246 2898 373 2959 quornm
390 2890 426 2939 ut
439 2878 492 2939 illa
511 2880 677 2958 imitanda,
698 2883 741 2970 sie
756 2884 814 2941 iata
835 2882 977 2943 evitanda
993 2883 1083 2943 nobis
1100 2892 1181 2944 sant.
1293 2965 1295 2968 Ι

87 2980 211 3039 lt'otnm
235 2988 280 3039 est
302 2998 433 3059 namque
454 2976 531 3039 illud
552 2978 707 3038 Romanae
733 2978 877 3040 historiae
902 2983 1057 3061 principis.
1106 2980 1180 3040 Hoc

88 3077 180 3138 illud
198 3089 245 3139 est
259 3078 429 3166 praecipue
451 3076 485 3137 in
502 3075 679 3156 cognitione
699 3094 806 3137 rerum
830 3079 955 3139 salubre
983 3098 1022 3137 ac
1037 3076 1179 3157 frugsfe·

87 3198 187 3251 nens,
217 3178 320 3240 omnis
347 3189 376 3237 te
403 3174 543 3257 exempli
567 3174 754 3235 documenta
779 3174 814 3235 in
832 3173 953 3235 illustri
974 3176 1083 3259 posita
1108 3196 1180 3236 mo·

89 3288 243 3337 amento
261 3273 399 3347 intueri,
422 3270 505 3333 unde
529 3272 587 3335 tibi
595 3314 609 3344 ,
630 3284 762 3355 tuaeque
784 3274 977 3355 reipublicae
1003 3272 1091 3357 quod
1110 3274 1181 3335 imi-

86 3386 159 3435 tere
182 3376 311 3458 capias.-
340 3370 423 3433 node
436 3370 574 3452 foedum
591 3373 737 3455 inceptu,
759 3370 896 3452 foedum
913 3374 1005 3433 exitu
1027 3372 1117 3455 quod
1131 3374 1181 3433 oi·

85 3484 147 3533 tes.
190 3472 293 3539 Habet
311 3472 362 3533 hic
377 3471 450 3551 dux,
470 3470 562 3533 habet
582 3469 688 3548 miles,
717 3470 810 3531 habet
822 3472 960 3552 privatus
973 3472 1068 3550 civia,
1088 3471 1181 3533 hahet

84 3573 298 3652 magistratus,
319 3570 433 3631 hahmt
451 3573 541 3650 sacri,
558 3569 671 3629 hahent
695 3570 827 3651 profani,
848 3569 963 3631 habent
981 3573 1103 3649 summi,
1122 3572 1178 3631 ha-

85 3668 166 3729 bent
186 3668 294 3749 infimi,
323 3668 437 3729 hahent
458 3669 537 3743 viri,
564 3666 677 3728 habent
696 3666 859 3747 mulieres,
892 3667 975 3749 quod
994 3668 1045 3729 vel
1064 3666 1181 3751 fugiant

84 3768 140 3829 vel
161 3780 340 3850 aequantur.
393 3767 502 3828 Insunt
524 3768 672 3827 orationes
693 3767 913 3829 creberrimae:
945 3788 1021 3850 qam
1039 3788 1113 3827 cum
1129 3766 1180 3827 hic

81 3878 197 3932 auctor
218 3868 349 3931 directas
364 3864 455 3929 valde
472 3876 553 3925 amet
572 3864 660 3945 (sunt
680 3867 762 3927 enim
781 3866 976 3947 speciosiores
1007 3878 1039 3927 et
1059 3866 1180 3949 gravio-

81 3968 230 4045 scalmos
247 3968 405 4029 interdum
419 3971 576 4033 brevitatis
590 3977 709 4055 gratia,
731 3984 762 4033 et
782 3972 822 4033 ad
844 3972 999 4034 vitandam
1022 3993 1058 4033 ex
1074 3971 1179 4033 similia

80 4064 195 4127 tudine
217 4070 408 4151 satietatem,
445 4070 484 4131 ad
501 4071 658 4153 obliquas,
692 4093 778 4134 more
800 4073 981 4133 Caesariano
1001 4072 1180 4154 redegimus.

79 4160 152 4227 Neo
171 4186 300 4249 pomum
324 4168 365 4229 de
395 4170 460 4233 istis
480 4172 667 4235 orationibus
694 4172 862 4258 quidquam
882 4172 991 4235 melius
1020 4172 1181 4234 severius

155 4290 388 4349 conatuum.
966 4293 984 4347 t
