3025 4900
449 315 731 384 mssomsams
767 323 794 384 1.
822 327 876 391 οι.
1133 286 1212 374 123

136 465 214 560 ύχρι
236 475 293 538 κατ’
311 473 371 537 νῦν
394 471 549 558 ύσημέραι
568 495 624 554 μοι
641 469 824 555 ύγγέλλεται
838 472 913 558 περι*
932 471 1001 551 σού,
1015 463 1059 542 οὖς
1076 459 1281 553 ‹insoni-Ad.
1293 476 1354 532 stas

135 598 188 638 ναι
202 569 283 657 πρύς
295 567 351 636 τόν
370 568 447 651 ipsiu
463 567 589 634 πάππον
607 570 844 656 παρασκευάζῃ·
866 569 904 632 od
925 564 989 653 μὴν
1008 561 1075 634 ἀλλ’
1094 561 1144 631 ὅτι
1161 564 1217 630 καὶ

136 667 231 746 αύτύς
243 667 286 734 τύ
302 666 381 756 πρὸς
397 665 532 749 πόλεμον
551 667 753 755 ἐξαρτύεται,
775 664 818 742 ὥς
834 663 900 749 ἅμα
925 669 970 755 τῷ
987 669 1023 731 σὲ
1041 666 1214 752 παραγενέ-

135 774 214 834 σθαι
241 765 324 853 πρὸς
349 770 405 849 ἐμὲ
433 765 625 852 πολεμήσων.
657 761 725 832 ὅσοι
742 769 774 830 δ’
792 764 974 850 ἐπιτηδείως
991 763 1118 848 ἔχουσιν
1133 761 1214 845 ἐμοὶ,

115 870 191 952 5καί
204 862 313 952 εἶρξαί
325 890 362 936 σε
382 871 614 952 παραινοῦσιν,
629 865 673 941 nie
688 861 754 947 ἅμα
775 868 818 954 τῷ
832 867 868 930 σὲ
892 867 1060 952 εἱρχθῆναι
1083 865 1138 928 καί
1157 865 1215 926 τού

134 969 274 1047 πολέμου
296 963 508 1046 παυσομένου.
528 962 589 1048 ἐγω
610 967 645 1030 δ’
668 963 691 1028 st
711 965 860 1051 πρότερον
881 963 1014 1050 εἶρηκειν
1043 961 1100 1027 καὶ
1118 955 1215 1037 αὖθις

133 1069 207 1149 ipsi·
238 1063 283 1141 αἱς
299 1067 330 1128 εἰ
347 1067 407 1146 μὲν
422 1074 488 1141 τοῖς
512 1066 601 1146 ἐμοῖς
623 1061 725 1148 λύγοις
743 1064 901 1145 πεισθεὶς,
929 1065 989 1128 τού
1003 1065 1137 1128 τοιαῦτα
1161 1065 1217 1126 καί

133 1163 347 1247 βουλεύεσθαι
366 1160 422 1226 καὶ
443 1165 522 1250 δρᾷν
538 1164 687 1250 ἀποστῇς,
714 1165 817 1238 καλῶς
834 1158 874 1227 ύν
889 1160 967 1246 ἔχοι·
997 1165 1027 1227 εἰ
1039 1163 1074 1223 d'
1096 1155 1215 1226 ύὸυνύ-

133 1287 197 1338 τως
214 1259 301 1344 ἔχεις
320 1258 660 1344 μεταβουλεύσασθαι,
681 1255 825 1345 οἳβούλει
846 1253 983 1346 πρᾶττε.Ι
1012 1257 1073 1342 dyas*
1099 1255 1158 1344 γὰρ
1177 1257 1213 1321 ού

99 1357 230 1444 rupim
249 1359 310 1443 σύχ
326 1355 434 1445 εἶρξαί
452 1384 489 1426 σε
507 1364 744 1446 προθυμοῦμαι,
766 1363 868 1426 καίτοι
887 1356 971 1424 πάνυ
987 1355 1102 1449 ῥηδιύος
1121 1355 1214 1439 ἔχων,

134 1459 179 1536 ὥς
203 1457 261 1524 καὶ
285 1454 383 1534 αύτός
414 1460 511 1545 φαίης
533 1455 592 1542 dv,
620 1460 691 1524 ἀλλ’
719 1459 796 1523 otte
819 1459 875 1544 τῆς
903 1459 1004 1544 ἀρχῆς
1030 1457 1289 1539 παραλύσω.Ρ.78

132 1555 246 1622 τούτου
266 1559 301 1621 δ’
318 1555 406 1622 ἕνεκά
427 1581 478 1624 σοι
494 1559 598 1623 ταῦτα
621 1563 773 1642 προλέγω,
795 1553 838 1632 oie
860 1551 899 1623 ύν
923 1555 1035 1640 εἰδείης
1059 1550 1215 1636 ἀπελθών,

134 1654 179 1732 αἷς
199 1656 238 1722 ού
262 1655 387 1737 λαθών,
408 1653 490 1721 ἀλλὰ
506 1656 709 1743 φωραθείςᾶ
733 1656 879 1742 προείλου
903 1655 1081 1742 παριύφθης
1106 1656 1217 1741 δρᾷν.”

134 1754 190 1821 ἐπέ
211 1755 336 1833 τούτοις
364 1753 572 1840 ύΣυγιύννης
603 1761 871 1843 συκοφαντεῖσθαι
893 1755 988 1820 πάλιν
1010 1750 1218 1843 ἰσχυρισοίμε-

101 1863 205 1939 ιόνος,
227 1856 284 1920 καί
297 1856 398 1940 μηδὲν
410 1857 553 1920 τοιοῦτον
570 1849 673 1942 ἑαυτῷ
688 1857 865 1921 συνειδέναι
872 1906 883 1937 ,
904 1858 962 1920 τοῦ
977 1857 1132 1937 βασιλέως
1149 1853 1218 1916 ἑπι-

135 1955 330 2038 τρέψαντος,
362 1949 441 2040 πρὸς
460 1950 498 2030 ἃς
517 1951 705 2040 ἐπετρόπευε
732 1957 789 2038 τῆς
812 1953 936 2042 Θρᾴκης
956 1953 1059 2030 πόλεις
1085 1945 1220 2034 ἀπῆλθέ.

137 2051 194 2116 δύο
213 2056 250 2117 δ’
266 2052 427 2134 ἔξαύτῶν,
443 2050 496 2118 τὸν
507 2045 640 2140 ’Ἀπρων
659 2053 714 2120 καὶ
731 2051 787 2140 τὴν
796 2057 827 2120 Γ
825 2057 970 2139 αρέλλαν,
988 2059 1142 2140 φρουραῖς
1158 2065 1295 2126 “wilti

135 2149 283 2235 τασχιύν,
311 2149 368 2215 καί
382 2143 484 2230 τᾶλλα
509 2151 764 2238 ἀσφαλισάμενος
789 2149 863 2217 ὥστ’
880 2149 965 2235 ἔχειν
988 2148 1068 2236 πρὸς
1093 2155 1219 2238 πολιορ-

136 2248 207 2314 κίαν
227 2243 396 2332 οἷντέχειν,
417 2243 533 2334 ἀπέστη
558 2247 638 2336 πρὸς
657 2247 712 2315 τὸν
728 2251 939 2336 πρεσβύτερον
955 2250 1087 2332 βασιλέα
1112 2253 1220 2328 Νοεμ-

99 2351 228 2432 τυβρίου
251 2345 359 2434 μηνύς.
388 2345 457 2430 ἅμα
482 2350 517 2413 δὲ
537 2349 580 2437 τῷ
597 2352 708 2416 τοῦτον
726 2351 874 2434 ἐπιβῆναι
891 2351 1091 2431 Βυζαντίου,
1118 2345 1174 2413 κατ’
1200 2346 1218 2413 ὅ

136 2449 198 2513 ταῖν
222 2451 382 2531 βασιλέοιν
403 2445 536 2531 πόλεμος
563 2452 708 2536 φανερῶς
733 2441 830 2527 αύθις
850 2448 1079 2537 οἷνερῖῥιπιζετο.
1112 2445 1129 2515 ὃ
1152 2453 1220 2525 νέος

135 2546 192 2633 χᾲρ
213 2547 367 2630 βασιλεύς
393 2546 452 2633 τὴν
478 2548 728 2633 ύποτεταγμένην
748 2549 837 2637 αύτῷ
861 2548 1011 2636 στρατιὰν
1037 2545 1164 2615 ἅπασαν
1187 2550 1223 2613 έν

136 2652 260 2733 βραχεῖ
276 2650 512 2733 συναθροισας,
528 2650 664 2713 τοιοῖσδε
680 2644 761 2734 πρὸς
785 2646 901 2725 αύτούς
924 2650 1082 2734 ἐχρήσατο
1103 2646 1243 2729 λύγοιςις

135 2742 191 2827 „ssi
218 2749 278 2832 τῆς
299 2742 424 2833 εἰρήνης
445 2742 541 2812 καλὸν
563 2745 619 2811 κατ’
635 2751 796 2825 λυσιτελές
821 2741 858 2813 ού
877 2747 973 2831 μόνον
994 2754 1058 2822 τοῖς
1084 2740 1224 2831 ἀρχομέ-

137 2946 322 3000 delectionem
340 2946 374 3000 ad
391 2964 469 3000 avum
490 2950 640 3017 parturiret
659 2964 710 3001 nec
729 2949 758 3003 id
782 2956 902 3012 tantum,
922 2948 971 3001 sed
989 2948 1077 3017 ipsum
1095 2952 1222 3015 prseter-

137 3019 293 3071 cabellum
311 3021 455 3081 instruere,
479 3037 533 3089 quo
552 3036 604 3081 mo,
623 3019 706 3071 simul
724 3036 756 3071 ac
773 3028 803 3071 tu
821 3019 944 3079 veneris,
968 3019 1089 3069 lacessat
1131 3014 1222 3083 Quot·

138 3096 205 3157 quot
221 3106 288 3140 sero
304 3088 373 3139 milri
390 3088 462 3141 hene
486 3090 615 3159 cupiunt,
631 3098 663 3141 ut
686 3099 715 3142 te
740 3096 877 3141 coirceam
900 3086 1057 3139 hortantur:
1086 3086 1124 3137 sie
1149 3085 1222 3136 enim

138 3158 242 3209 bellum
262 3158 485 3229 quieturum3·st
501 3168 530 3211 tn
551 3176 622 3231 quae
638 3168 719 3212 antes
735 3177 769 3211 ex
785 3176 828 3211 me
846 3158 983 3219 audivisti,
1002 3156 1100 3208 iterum
1118 3153 1220 3208 audies.

137 3230 182 3291 Si,
201 3230 331 3299 inquam,
347 3228 460 3281 monitis
482 3232 549 3281 meis
567 3230 768 3299 obtemperans,
793 3230 827 3281 ab
848 3229 891 3284 his
911 3226 1076 3279 meditandis
1095 3235 1122 3278 et
1140 3242 1223 3295 ngen-

137 3298 178 3351 dis
198 3298 383 3362 abstinueris,
401 3298 473 3352 bene
491 3309 580 3352 corte:
606 3302 649 3352 sin
669 3302 750 3352 aliam
768 3308 886 3354 mentem
905 3298 1019 3350 induere
1042 3314 1099 3348 non
1127 3304 1168 3347 est
1191 3303 1223 3349 ut

138 3371 247 3437 possis,
265 3370 309 3420 sac
326 3386 397 3439 qsrae
415 3369 505 3422 libido
524 3371 590 3423 sert:
616 3373 757 3442 egoenim
775 3390 832 3424 non
859 3368 940 3423 modo
966 3373 1091 3420 cotrcere
1118 3374 1145 3417 te
1165 3384 1221 3420 non

138 3454 223 3501 asco,
242 3442 354 3492 unicui
373 3456 455 3509 parvo
474 3440 503 3491 id
521 3440 629 3510 negotio
650 3458 766 3513 queam,
785 3450 816 3493 ut
835 3449 894 3493 tute
914 3438 1094 3490 confitebere:
1120 3437 1168 3490 sed
1186 3454 1222 3489 ne

81 3518 89 3535 ·
138 3510 337 3577 praefecturam
356 3510 469 3581 quidem
487 3510 542 3562 tibi
559 3510 662 3578 adimo,
689 3520 721 3563 ut
746 3512 884 3581 intelligas
911 3526 967 3560 non
989 3526 1032 3560 me
1053 3509 1155 3572 inscio,
1173 3506 1222 3559 sed

138 3581 233 3647 potius,
247 3580 417 3649 negligente,
437 3597 469 3633 ea
487 3590 515 3633 te
534 3581 635 3651 egisse,
656 3598 725 3653 quae
744 3581 798 3632 tibi
812 3592 875 3633 aute
894 3580 1044 3633 deliberata
1063 3585 1133 3629 sssnt.
1170 3579 1222 3631 Hic

138 3650 303 3719 Syrgiannes
328 3668 447 3714 rursum,
464 3651 532 3703 lslso
557 3652 587 3702 in
606 3669 635 3703 se
654 3658 760 3703 mutum
780 3654 881 3703 crimen
907 3651 1042 3713 conferri,
1065 3668 1095 3701 ac
1117 3648 1220 3701 nullius

138 3736 196 3770 esse
217 3718 274 3770 sibi
291 3722 429 3771 conscium
448 3720 599 3785 affirmans,
615 3720 721 3773 libente
739 3723 918 3789 imperatore,
939 3721 973 3773 ad
990 3720 1070 3772 urbes
1081 3720 1227 3782 Thraciae,-

139 3806 255 3908 p'uarum
273 3790 442 3857 praesectum
469 3791 585 3861 agebat,
611 3792 751 3855 discessit,
776 3792 902 3853 acduas,
919 3794 1004 3859 Apros
1031 3790 1162 3843 videlicet
1194 3798 1223 3843 et
1281 3830 1284 3839 2

164 3860 293 3922 arellam,
309 3859 456 3928 praesidiis
475 3862 629 3931 impositis,
647 3871 793 3933 ceteroque
811 3870 938 3931 apparatu
960 3863 999 3913 ita
1023 3862 1223 3923 communiens,

138 3938 172 3980 nt
189 3928 364 3981 obsidionem
389 3932 504 3983 tolerare
520 3932 656 3995 valerent,
680 3948 773 3983 mense
793 3932 938 3984 Novembri
957 3933 1114 4000 Byzantium
1132 3931 1223 3991 venit,

139 4015 259 4069 moxque
277 4000 381 4051 bellom
401 4002 472 4052 inter
487 4004 664 4071 imperatores
679 4003 713 4055 de
731 4002 836 4071 integro
850 4013 878 4055 et
888 4004 1031 4056 manifesto
1048 4002 1142 4055 ardere
1159 4016 1223 4053 coe·

139 4070 190 4136 pit.
230 4071 413 4145 iunior-'enim
428 4071 504 4123 brcvi
523 4073 610 4141 copiis
626 4073 683 4124 suis
702 4072 731 4123 in
749 4090 831 4123 uuum
848 4076 963 4137 coactis,
981 4075 1019 4125 sio
1037 4071 1070 4124 ad
1088 4090 1131 4124 ens
1155 4089 1222 4123 con-

141 4138 264 4192 cionatus
280 4148 335 4190 est:
355 4142 429 4191 Pacis
452 4138 579 4194 honestas
594 4147 623 4195 et
640 4142 744 4195 utilitas
763 4161 817 4194 non
834 4145 866 4195 iis
887 4152 1008 4209 tunicam,
1023 4142 1070 4215 qui
1086 4150 1222 4211 reguntur,

144 4208 190 4261 sed
208 4210 362 4263 rectoribus
380 4213 462 4263 ctiam
481 4211 565 4281 ipsis,
580 4214 662 4267 sicuti
682 4220 710 4265 et
732 4211 800 4267 tetii
820 4214 986 4269 calamitates
1010 4214 1087 4265 vobis
1113 4225 1222 4281 quoque
