3025 4900
314 363 401 451 308
748 386 955 452 raniocne

309 547 429 602 Romani
453 543 559 600 cladem
582 539 782 614 aecipbsmffl).
817 546 903 596 Amor
918 543 1095 613 imperatoris
1119 543 1396 599 incantationum

309 617 484 671 declaratus.-
503 627 531 666 et
565 632 599 667 uo
617 626 699 683 paeto
739 629 814 666 erse
831 629 937 684 perque
955 613 1030 664 alios
1046 613 1199 674 laborarit,
1219 625 1252 664 ut
1267 630 1328 667 eum
1342 617 1396 666 ias-

306 689 383 760 perii
399 687 531 755 collegam
545 633 671 734 baberet.
722 682 759 734 lle
777 695 871 736 tamen
892 683 1036 752 singulari
1053 680 1188 734 modestia
1206 681 1327 734 oblatam
1350 681 1397 734 eli·

308 758 443 828 gnitatem
467 770 572 821 semper
595 749 782 823 repudiat(9).
819 751 976 804 Zacharias
997 753 1150 810 Genuensis
1167 750 1264 803 Citium
1292 752 1327 804 ab
1345 755 1397 805 im·

306 837 438 895 peratore
462 824 571 875 seniore
596 838 771 882 concessam,
800 823 855 874 sibi
880 821 1053 892 posterisque
1076 823 1135 872 suis
1155 821 1394 892 propriamfocit.

311 893 470 946 Colotbetus
487 890 606 960 dynasta
624 893 709 943 matri
726 893 822 960 magni
840 889 983 943 domestici
1006 892 1066 942 eius
1083 889 1291 958 recuperandae
1316 893 1395 943 viam

305 961 406 1035 pandit
425 975 452 1014 et
474 963 505 1014 in
523 978 581 1014 eam
602 978 657 1012 rem
684 961 820 1012 auxilium
839 978 917 1011 suum
932 959 1090 1028 pollicetur.
1129 960 1282 1011 Consilium
1301 958 1395 1014 dome-

307 1033 387 1094 stici,
415 1029 550 1103 quomodo
572 1027 708 1100 agendum
733 1047 793 1082 eum
816 1029 960 1090 Martino,
984 1031 1034 1099 qui
1055 1041 1122 1080 tuno
1146 1029 1266 1080 insulam
1284 1029 1392 1082 obtine·

307 1099 432 1170 bat(io)·¹
474 1105 584 1168 Quanto
612 1101 729 1150 nauium
757 1115 871 1152 numero
890 1111 918 1152 et
940 1097 1068 1167 qualibus
1085 1097 1204 1167 epibatis
1229 1096 1320 1152 eodem
1339 1117 1393 1150 na·

306 1173 442 1240 vigatum.
480 1167 690 1222 Nauareborum
709 1167 740 1219 in
757 1181 909 1238 apparatus
924 1184 1024 1237 pompa
1047 1167 1208 1220 aemulatio.
1249 1166 1392 1222 Condicio-

307 1257 373 1300 nes,
390 1239 489 1310 quibus
510 1239 660 1307 imperator
676 1239 803 1290 Martino
821 1239 932 1290 insulae
946 1235 1151 1307 praefecturam
1168 1237 1327 1307 relinquere
1336 1254 1391 1288 vo-

306 1310 370 1362 luit.
414 1306 580 1361 Benedictus
595 1308 737 1360 castellum
755 1304 857 1364 tradit.
898 1307 1040 1358 Martinus
1055 1323 1164 1378 quoque
1181 1325 1209 1360 se
1226 1305 1328 1360 dedens
1344 1305 1391 1359 be-

307 1377 409 1448 neficio
435 1375 578 1430 domestici
597 1389 710 1446 mortem
734 1374 850 1429 evadit:
879 1378 936 1446 ipse
963 1378 994 1426 in
1011 1393 1149 1428 carcerem
1168 1375 1302 1438 ducitur,
1320 1394 1392 1428 uxor

307 1459 334 1500 et
342 1447 461 1518 familia
479 1449 565 1498 solum
582 1457 708 1508 vertunt,
727 1446 829 1498 milites
846 1448 917 1506 eius,
937 1441 1006 1496 data
1024 1444 1128 1505 venia,
1147 1461 1181 1494 ex
1199 1445 1305 1497 duabus
1323 1464 1391 1497 con-

307 1515 464 1568 ditionibus
491 1517 670 1584 posteriorem
698 1515 814 1584 eligunt.
854 1516 1010 1583 Imperator
1034 1516 1119 1567 etiam
1148 1515 1390 1575 benevolentibus,

307 1603 365 1638 non
386 1586 563 1638 benemeritis
582 1596 704 1652 tantum,
727 1587 848 1652 gratiam
866 1582 1039 1654 referendam
1059 1594 1139 1652 putat
1156 1597 1182 1635 et
1199 1585 1300 1654 populo
1323 1584 1389 1636 Cbio

307 1673 377 1707 onus
390 1654 568 1708 tributarium
580 1654 718 1706 imminuit
728 1653 751 1721 (ι
761 1652 792 1722 ι).
828 1652 972 1706 Benedicti
987 1653 1108 1721 insignis
1117 1655 1278 1722 pertinacia
1296 1667 1323 1704 et
1340 1671 1390 1704 ar·

306 1725 441 1793 sugamia
465 1723 675 1784 intolerabilis,
706 1739 799 1774 omnes
815 1722 1006 1784 conditiones,
1033 1722 1161 1792 quentvis
1187 1722 1390 1774 honestissimas

306 1793 493 1862 aspernantis,
512 1793 569 1843 nisi
581 1793 677 1844 insula
693 1789 747 1842 sibi
764 1793 795 1842 ln
811 1793 949 1860 peculium
966 1790 1067 1860 detur(
1073 1790 1121 1859 sa).
1156 1793 1308 1864 Imperator
1317 1790 1394 1861 apud

305 1862 459 1916 Pbocaeem
479 1875 598 1914 ueterem
621 1879 640 1912 a
656 1861 749 1912 Persis
765 1863 888 1931 satrapis
904 1861 1024 1914 colitur:
1042 1860 1173 1914 Pbocaea
1195 1864 1310 1914 novaei
1329 1875 1392 1913 tra-

309 1929 394 1982 ditur.
430 1927 596 1984 Benedictus
620 1929 711 1981 denuo
732 1928 828 1981 Citium
845 1932 994 2002 subiugare
1018 1929 1127 1995 infelici
1147 1947 1273 1983 successu
1293 1947 1391 1999 aggre-

306 1997 459 2068 ditur(13).
496 2001 629 2064 Sequitur
641 2001 719 2051 locus
732 2002 895 2068 perelegans
912 2013 940 2052 et
962 1997 1118 2068 patheticus
1139 1997 1172 2051 de
1191 2000 1282 2052 morbo
1300 2012 1328 2051 et
1345 2002 1392 2050 in·

309 2080 400 2122 stante
419 2069 594 2137 imperatoris
610 2067 688 2119 obitu
708 2066 785 2137 apud
799 2068 1040 2134 Didymoticbum,
1061 2067 1109 2118 ubi
1126 2086 1240 2137 magnus
1260 2067 1391 2122 domesti-

308 2154 357 2190 cus
372 2138 426 2190 sibi
442 2140 498 2189 iam
516 2139 600 2190 tertio
618 2135 743 2190 delatum
762 2140 905 2208 imperium
924 2139 1100 2190 abnuitscui
1116 2140 1243 2208 ipsamet
1262 2155 1319 2189 una
1338 2139 1391 2188 im-

305 2210 434 2278 perenis
452 2224 470 2256 a
487 2205 653 2260 moribundo
671 2209 837 2278 imperatore
862 2206 1095 2260 commendantur.
1135 2207 1262 2258 Omnibus
1278 2203 1391 2258 ordini-

307 2277 357 2329 bus
376 2275 521 2328 valedicit.
557 2276 662 2345 Ingens
680 2278 1010 2348 exoriturcomploratio.
1032 2276 1169 2329 Palatium
1185 2276 1225 2328 ad
1239 2288 1389 2328 extremam

307 2350 443 2399 morituro
467 2345 584 2398 salutem
612 2344 759 2399 dicendam
781 2361 860 2417 patet
878 2348 1001 2400 cuilibet.
1043 2348 1113 2398 Ante
1137 2359 1245 2400 mortem
1263 2344 1390 2396 babitum

308 2419 490 2469 monasticum
506 2416 629 2485 postulat
647 2415 713 2487 (ib).
735 2417 776 2469 De
796 2417 877 2470 Xeno
890 2430 979 2471 matre
995 2417 1122 2488 quamuis
1138 2417 1219 2470 semel
1235 2417 1389 2536 iterumpue

309 2484 482 2547 adasonitus,
510 2485 582 2538 nibil
602 2486 753 2539 constituit.
799 2481 921 2559 Magnus
937 2484 1101 2560 domesticus
1117 2503 1169 2553 pro
1193 2499 1322 2539 consuetu
1343 2487 1390 2539 ine

308 2556 340 2606 in
357 2567 443 2607 morte
471 2558 665 2623 imperatorum
689 2558 803 2609 solenne
827 2558 1010 2609 iuramentum
1036 2556 1132 2624 esss'git.
1179 2556 1389 2609 Constantinum

307 2622 467 2693 despotam,
487 2624 616 2693 quamvis
630 2626 742 2675 mulium
757 2639 892 2692 rogatus,
912 2642 964 2677 nec
989 2627 1069 2686 uita,
1097 2640 1147 2676 nee
1165 2625 1254 2676 oculis
1270 2626 1388 2695 privare

307 2695 456 2755 stettinens,
474 2692 581 2745 occulte
599 2692 715 2745 liberum
733 2694 860 2751 dimittit.
897 2694 1204 2761 constantinopolitani
1219 2692 1387 2763 iurant(15)

307 2760 485 2814 Andronicus
500 2762 596 2814 senior
622 2765 730 2825 timens,
755 2782 790 2818 ne
810 2765 932 2817 extincto
958 2777 1056 2833 nepote
1074 2767 1129 2832 ipse
1148 2763 1286 2817 babeotur
1300 2764 1402 2831 pessi·-

307 2846 360 2891 tsss,
378 2832 454 2882 ultro
474 2829 513 2883 ad
529 2831 675 2885 manebas
692 2852 719 2886 se
740 2848 883 2903 aggregat.
918 2834 1017 2887 iunior
1041 2850 1059 2882 a
1076 2835 1230 2884 monastico
1253 2832 1388 2885 sebemate
1407 2871 1412 2908 Ι

306 2915 357 2967 per
374 2917 501 2971 magnum
526 2898 700 2954 domesticum
724 2900 890 2973 impeditur:
917 2904 968 2973 qui
991 2920 1052 2953 cum
1078 2898 1192 2953 medicis
1214 2902 1385 2971 expostulat,
1405 2921 1410 2931 ·

308 2970 502 3038 imperatorem
519 2982 614 3033 terreis
647 2972 815 3025 Mandatum
833 2974 957 3025 ultimum
973 2970 1148 3043 imperatoris
1159 2968 1192 3023 de
1204 2972 1326 3023 manimi
1336 2986 1386 3021 suo

307 3055 423 3106 corpore
433 3039 496 3109 (16)
536 3042 573 3093 Ob
593 3040 703 3110 imperii
718 3041 827 3111 pondus
844 3054 871 3095 et
886 3042 1071 3096 molestiarum
1087 3040 1184 3093 molem
1198 3057 1323 3108 magnum
1336 3036 1388 3090 do·

308 3108 454 3162 mesticum.
473 3111 630 3161 miseratur.
673 3112 775 3163 Mortis
798 3109 918 3165 indicia.
958 3116 1038 3183 Aqua
1063 3106 1098 3164 de
1115 3108 1199 3179 seinte
1216 3109 1318 3164 Matris
1333 3108 1388 3159 Dei

307 3193 368 3227 cum
382 3180 501 3229 omnium
518 3175 679 3230 incredibili
694 3178 798 3248 gaudio
808 3180 998 3251 sanatur(17f
1033 3180 1196 3233 Narrantur
1206 3180 1233 3230 ei
1248 3196 1320 3248 quae
1338 3178 1386 3228 in-

307 3247 387 3299 ierim
402 3260 478 3317 gesta
492 3246 565 3297 sint.-
580 3246 682 3315 probat
700 3252 794 3301 omnia
807 3265 920 3319 praeter
937 3251 1091 3302 missionem
1106 3249 1272 3318 Syrgiannis
1287 3249 1319 3299 in
1336 3262 1386 3297 oc-

307 3314 458 3369 cidentem:
476 3332 559 3386 quam
574 3328 667 3369 tomen
682 3332 778 3387 postea
792 3337 850 3371 non
865 3320 1009 3389 improbat.
1026 3313 1225 3387 Syrgiannis'a
1239 3315 1385 3369 domestico

307 3386 449 3438 alienatus
466 3388 581 3437 animus.
615 3386 794 3449 liecensetur,
813 3388 884 3458 quid
893 3388 1021 3458 despotae
1031 3388 1214 3439 Constantino
1231 3384 1386 3451 acciderit‚·

306 3470 321 3506 e
345 3471 459 3509 carcere
483 3456 620 3507 eximitur.
662 3458 751 3526 Nepos
772 3456 948 3511 Andronicus
973 3475 1055 3509 avum
1078 3454 1200 3508 induisse
1223 3454 1386 3508 monacbum
1402 3480 1428 3528 «Υ

292 3522 453 3577 'tristaturs
477 3526 525 3575 cui
552 3523 714 3577 domesticus
730 3528 861 3579 solatium
885 3513 1079 3597 suggeritfflb.
1115 3526 1259 3587 Paenitet,
1279 3543 1337 3577 non
1359 3524 1387 3575 ei
1410 3543 1420 3582 s

306 3587 459 3645 reddidisse
480 3596 640 3663 imperium,
660 3594 886 3665 quemadmodum
907 3615 939 3649 eo
959 3599 1064 3647 itarat:
1086 3592 1189 3664 quade
1208 3610 1239 3646 re
1259 3610 1320 3645 cum
1334 3590 1387 3644 do·

307 3660 418 3741 mettica
437 3664 675 3735 consultans(i9),
697 3666 730 3717 ab
756 3684 788 3719 eo
815 3670 909 3735 poenit
950 3668 994 3718 ine
1022 3660 1188 3725 deducitur,
1213 3680 1249 3715 ar
1328 3664 1385 3713 ntis

304 3738 408 3796 parlim
436 3747 508 3799 quae
537 3751 647 3787 movere
673 3739 833 3802 potuerint,
859 3738 961 3805 partim
988 3750 1060 3806 quae
1078 3735 1215 3785 mouerint
1252 3732 1383 3785 issolutis.

306 3796 448 3877 Delparae
463 3799 497 3853 de
510 3816 621 3873 recepta
635 3805 755 3857 sanitate
779 3808 888 3874 gratias
908 3802 1040 3874 agit(so).
1078 3803 1178 3855 Persas
1202 3802 1382 3872 populatores

307 3878 470 3945 uincuntur.
512 3871 611 3925 Acbris
633 3890 650 3923 a
673 3873 808 3927 Triballis
833 3874 1018 3927 obsidentibus
1040 3875 1180 3925 asseritur.
1216 3874 1325 3925 Moesus
1346 3880 1375 3919 et

306 3947 458 4012 smperator
473 3939 502 3988 in
515 3940 701 3994 Triballorum
710 3944 783 4012 fines
797 3945 964 4013 irrumpunt,
978 3943 1086 3995 Moesus
1100 3959 1135 3994 ea
1148 3942 1264 3994 vulnere
1274 3941 1381 3993 inierit.

305 4002 430 4085 Regin-a,
450 4004 598 4060 ldielsaelis
612 4014 733 4073 coniux,
757 4014 933 4083 imperatoris
954 4029 1043 4071 soror,
1066 4028 1127 4063 cum
1144 4010 1241 4063 liberis
1256 4010 1380 4080 pellitur.

305 4071 414 4123 Moesta
435 4073 469 4125 ab
491 4076 655 4144 imperatore
682 4096 831 4136 vastatur.-
854 4082 989 4153 quaedam
1002 4077 1104 4151 oppida
1125 4078 1292 4133 deditionem
1317 4080 1383 4129 aci-

305 4152 363 4191 tent.
398 4140 433 4192 ln
455 4142 543 4194 locum
554 4146 647 4199 isaiae
656 4151 838 4218 patriarchae
859 4153 981 4204 loannes
1008 4148 1151 4220 presbyter
1174 4152 1270 4219 magni
1309 4164 1386 4199 ome-

304 4210 370 4260 stiti
380 4226 464 4263 suasu
473 4210 508 4262 ab
520 4216 653 4283 episeopis
669 4233 835 4287 surrogatur
842 4220 906 4291 (αι)
942 4219 1045 4271 bersae
1058 4231 1216 4272 vastatores
1227 4216 1299 4269 male
1312 4216 1387 4267 mul-

304 4288 409 4333 macir.
433 4280 599 4353 Syrgiannis
611 4287 804 4358 sociorumque
824 4293 856 4345 in
872 4288 1053 4375 domesticum
1063 4300 1089 4343 et
1107 4290 1299 4359 imperatorem
1313 4302 1385 4338 con·
