3025 4900
485 337 768 406 ,ussuouunuu
796 278 821 405 ι.
852 345 901 412 se
1045 374 1050 393 ·
1162 313 1242 402 185

163 519 221 580 την
243 491 403 570 ἀπόδειξιν
424 498 629 580 παραλαβεῖν.
660 493 773 583 ἀνδρίᾳ
800 495 860 575 μὲν
887 493 948 580 γὰρ
970 490 1027 556 καί
1049 495 1173 560 συνύσει
1192 497 1390 568 mikileins

162 593 310 680 ἐμπειρία
332 591 370 680 τῇ
391 589 471 678 πρός
490 589 564 667 τούς
589 595 745 674 πολέμους
764 597 888 668 πολλοῖς
908 584 949 657 ἀν
968 591 1059 673 ὐμῶν
1077 596 1244 680 συγχωρή-

163 715 257 772 σαιμι
270 687 307 753 τύ
323 693 416 754 πλέον
435 687 527 772 ἔχειν·
546 691 587 776 τῇ
602 688 766 777 aposiopesis
786 691 822 755 δδ
839 693 878 778 τῇ
889 691 967 755 κατὰ
983 686 1023 756 sd
1040 688 1117 776 ἔργα
1131 690 1185 755 καί
1199 693 1245 778 τῷ

163 787 243 874 ύπδρ
265 791 322 873 τῆς
337 790 401 854 τάν
419 786 590 874 ὁμοφύλων
605 783 759 875 ἀφελείας
778 790 833 854 καὶ
848 791 902 873 τῆς
916 791 1070 871 βασιλέοιν
1090 792 1153 854 τάν
1165 789 1245 874 ἦμε-

145 892 265 974 δείρειν
280 889 373 970 τιμῆς
396 888 451 951 ναὶ
464 885 553 972 ἡμῶν
570 886 674 950 αὐτῶν
688 885 833 966 εὐδοξίας
853 884 910 950 καί
924 883 1077 974 χρήματα
1092 885 1147 951 καὶ
1163 890 1245 952 σίνδ-

164 1009 224 1062 τας
238 983 295 1050 καὶ
311 981 386 1050 αὐτὸ
403 981 440 1049 τύ
459 987 552 1067 σῶμα
569 985 744 1066 ἐπιδοῦναι,
761 981 889 1060 οὐδενὸς
899 979 982 1050 εἶναι
995 987 1138 1072 δεύτερος
1155 985 1245 1064 ἀξιοῖ.

164 1079 210 1159 sig
220 1077 278 1148 οὐν
294 1076 354 1165 οὐχ
367 1080 446 1168 ύπὲρ
464 1082 605 1159 εὐδοξίας
619 1079 726 1164 μόνον,
742 1076 824 1148 ἀλλά
834 1085 889 1147 καὶ
902 1081 959 1168 τῆς
974 1084 1127 1150 είσὲπειτα
1138 1074 1244 1168 ἀσφα-

164 1180 254 1259 λείας
274 1177 513 1264 βουλευόμενοι,
534 1175 615 1244 ούτοο
631 1178 686 1244 sei
702 1179 920 1267 ψηφισώμεθα
940 1179 995 1246 κατ’
1008 1179 1167 1264 ἀρνούμεθα
1185 1181 1242 1245 τού

164 1279 314 1360 πολέμου·
335 1279 390 1342 καί
410 1275 455 1362 μὴ
476 1277 604 1364 χείρους
623 1279 813 1364 φαινώμεθα
834 1283 898 1344 τάν
920 1275 1088 1365 προγόνων,
1116 1279 1148 1344 oi
1163 1276 1273 1360 perde.
1282 1294 1334 1352 115
1428 1318 1433 1326 ·

128 1377 269 1448 sensisses
292 1375 347 1441 ναδ
368 1377 519 1442 κινδύνων
533 1375 631 1462 τὸμὴ
651 1375 714 1442 ύπύ
731 1380 796 1444 τάν
815 1377 973 1444 τοιούτοιν
985 1381 1245 1464 περιφρονεῖοθαι

166 1477 348 1562 παρέδοσαν
363 1474 450 1559 ἡμῖν·
471 1470 550 1540 ἀλλά
563 1473 644 1540 πολύ
660 1473 873 1563 φοβερύτερον
888 1477 1063 1562 νομίζοιμεν
1076 1473 1133 1561 τὴν
1147 1469 1245 1541 οὐσαν

164 1573 311 1653 εὐδοξίαν
337 1572 561 1662 ἀπραγμοσύνῃ
584 1567 623 1640 ἀν
648 1569 887 1661 ἀφαιρεθῆναι,
917 1567 1103 1660 ἢντιύμενοι
1126 1572 1245 1658 ἀτυχῆ-

165 1677 257 1739 σαι,”
302 1675 439 1737 Τοιαῦτα
458 1675 518 1754 μὲν
538 1667 554 1736 ὅ
573 1675 672 1756 μέγας
692 1675 871 1754 δομίστινος
891 1668 984 1740 εἶπεν.
1006 1671 1023 1736 d
1042 1665 1245 1758 πρατοοτρύ-

163 1795 230 1856 τωρ
253 1771 290 1834 δὲ
307 1773 377 1851 μετ’
402 1766 501 1834 αὐτὸν
527 1767 600 1855 „pri
625 1768 787 1853 νομίζετε”
807 1765 893 1837 εἶπεν
919 1763 974 1853 „si
993 1768 1158 1857 παρόντες,
1188 1765 1244 1834 τάν

129 1869 270 1951 ςςμέγαν
292 1870 472 1948 δομέοτιιιον
498 1866 594 1950 μόνον
613 1871 747 1934 τοιαῦτα
777 1867 832 1941 καὶ
856 1865 1066 1952 βουλεύεσθαι
1086 1873 1140 1934 κατ’
1165 1889 1244 1955 προ-

164 1969 362 2047 θυμεῖσθαι,
393 1963 475 2030 ἀλλά
494 1967 550 2032 καί
566 1967 643 2052 ἡμῖν
664 1963 763 2033 ἅπασι
788 1970 888 2033 ταῦτα
917 1968 1090 2032 συνδοκεῖν·
1125 1963 1180 2031 κού
1196 1963 1242 2050 μὴ

165 2055 204 2132 dv
223 2061 263 2128 τά
283 2064 420 2150 ἡμέτερα
442 2059 627 2152 ὀρθωθῆναι
635 2054 652 2150 ,⁴
677 2068 707 2132 εἰ
732 2064 777 2152 μὴ
799 2065 854 2133 καὶ
881 2064 1022 2151 σπουδὴν
1050 2041 1106 2130 κού
1124 2064 1244 2147 τόλμαν

164 2160 260 2245 ἀξίαν
288 2165 343 2226 καί
366 2163 421 2246 τῆς
440 2166 504 2228 τῶν
522 2161 682 2250 προγόνων
710 2163 767 2230 καί
791 2165 880 2250 ἡμῶν
907 2159 1012 2231 αὐτῶν
1036 2161 1242 2247 ἀναλάβωμεν

164 2257 343 2336 εὐδοξίας.”
383 2259 423 2324 τύ
445 2258 500 2327 ἴσα
523 2265 565 2328 ’δὲ
595 2267 649 2329 κατ’
668 2260 698 2328 οἱ
716 2267 760 2352 τῷ
778 2268 836 2354 vius
856 2270 985 2348 βασιλεῖ
1000 2261 1144 2339 συνόντες
1163 2279 1267 2331 συν-Β

126 2357 406 2443 coaequalium
435 2358 558 2435 πάντες.
594 2371 659 2436 τοῖς
679 2365 716 2426 δ’
734 2365 770 2429 δν
789 2362 953 2455 Βυζαντίῳ
980 2364 1023 2451 τῷ
1042 2363 1242 2451 πρεσβυτέρῳ

166 2460 303 2525 συνοῦσι
322 2460 452 2539 βασιλεῐ
476 2459 629 2541 ἀναγκαῖα
648 2458 1171 2623 μὲνψθῖθρμὲλύ·
1202 2455 1246 2546 ⁰33.
1268 2467 1298 2593 X

731 2582 750 2623 ο

165 2558 274 2638 μέντοι
293 2552 350 2621 καὶ
367 2554 410 2633 ὥς
431 2556 596 2640 ἀλυσιτελῆ
616 2554 729 2643 ε’τύλμη
808 2564 953 2646 φανερῶς
975 2557 1142 2640 ἀντειπεῖν,
1161 2551 1264 2622 ἀλλάΧ

167 2650 269 2717 πολλὰ
291 2656 405 2739 ἐφεξῆς
425 2653 641 2740 συνείροντες,
660 2658 694 2733 ἐξ
714 2648 761 2721 οἷν
781 2656 1005 2736 κατεσκεύαζον
1025 2651 1166 2741 ἀδήλως,
1198 2653 1243 2731 οδς

166 2754 220 2817 δεῖ
234 2749 296 2835 τήν
327 2746 569 2839 ἀπραγμοσύνην
593 2758 713 2836 μᾶλλον
734 2753 915 2843 αἱρεῖσθαι,
949 2750 1121 2839 ἀνέστησαν
1140 2749 1244 2833 ἀσύμι

169 2898 247 2953 haud
263 2914 341 2969 aegre
359 2900 553 2953 concesserim:
579 2918 673 2955 verum
693 2903 775 2955 alacri
797 2901 833 2954 sd
850 2919 919 2971 opus
941 2902 1085 2957 voluntate
1102 2908 1132 2955 et
1148 2902 1244 2954 eonfe-

168 2970 260 3023 rcndis
279 2972 392 3039 insuper
408 2970 443 3023 ad
462 2972 610 3023 utilitatem
625 2973 732 3035 civium,
751 2970 787 3023 ad
805 2974 998 3041 imperatorum
1020 2973 1190 3042 dignitatern,
1208 2972 1245 3023 ad

167 3048 288 3092 metram
308 3040 428 3109 ipsorum
446 3042 632 3094 celebritatem
651 3041 804 3111 sumptibus
823 3050 852 3093 ct
869 3043 952 3094 servis
971 3042 1128 3094 domesticis
1146 3049 1174 3092 et
1192 3039 1246 3092 hoc

169 3110 229 3178 ipso
247 3124 360 3177 corpore
377 3126 437 3162 meo
462 3112 565 3165 nemini
583 3128 625 3163 me
643 3110 791 3164 secundum
807 3111 943 3163 numerari
962 3111 1034 3164 volo.
1077 3112 1146 3180 Ergo
1164 3112 1243 3180 quasi

169 3196 223 3231 non
241 3176 277 3231 de
293 3180 380 3249 glorie
396 3181 500 3245 solum,
517 3198 609 3233 verum
627 3184 709 3235 etiem
727 3180 762 3233 de
779 3181 873 3233 futura
889 3182 1033 3235 securitate
1051 3182 1243 3243 consulternns,

170 3250 207 3301 its
224 3250 374 3301 tententiae
394 3247 514 3304 dicemus
535 3259 563 3303 et
589 3250 624 3303 nd
642 3253 746 3305 bellum
763 3252 945 3323 accingamur:
970 3268 1039 3304 neve
1061 3250 1243 3304 nmaioribus

167 3321 267 3371 nostris
284 3319 493 3387 degeneremus,
512 3338 625 3393 quorum
640 3340 721 3391 opero
738 3324 868 3392 periculis
907 3326 1060 3374 eeffeetum
1077 3329 1133 3385 est,
1157 3337 1193 3371 ne
1207 3320 1243 3372 ab
1281 3327 1284 3338 ’

169 3389 228 3441 istis
242 3391 381 3441 contemni
395 3407 546 3460 possemus:
564 3392 612 3444 sed
631 3394 717 3445 multo
730 3341 930 3445 formidabiiius
946 3393 1124 3453 arbitremur,
1138 3398 1245 3458 partam

169 3458 360 3511 claritudinem
378 3476 427 3529 per
444 3460 575 3514 desidiam
589 3478 667 3530 posse
682 3464 823 3525 amittere,
841 3480 921 3533 quom
937 3463 967 3513 in
981 3480 1012 3514 ea
1038 3459 1180 3513 retinenda
1197 3478 1244 3513 cs-

169 3546 214 3581 sus
226 3528 352 3579 adversos
367 3546 399 3581 ex
420 3530 491 3583 eriri.
528 3531 662 3585 Hactenus
681 3550 792 3603 magnus
805 3532 986 3596 domesticus,
1004 3548 1084 3602 quem
1105 3530 1242 3599 excipiens

168 3607 363 3668 protostrator,
407 3600 471 3651 olim
484 3619 515 3653 eo
533 3602 624 3663 iistis,
641 3602 747 3671 inquit,
764 3618 826 3666 sos,
841 3605 888 3672 qui
903 3610 1059 3671 praesentes
1076 3602 1156 3663 estis,
1176 3600 1244 3652 hsec

170 3669 357 3721 tautummodo
372 3686 496 3738 magnum
509 3618 684 3723 domesticum
695 3674 835 3725 consulere
848 3680 876 3723 et
888 3671 924 3722 ad
939 3689 971 3723 ea
982 3679 1135 3740 promptum
1149 3674 1244 3723 alieri-e

170 3738 305 3791 studium:
325 3738 404 3791 nobis
426 3758 534 3813 quoque
557 3742 689 3794 universis
713 3742 786 3794 idem
805 3741 894 3794 videri
915 3743 1028 3794 scitote:
1050 3756 1245 3811 necunquam

171 3826 212 3859 res
225 3818 331 3861 nostru
345 3809 462 3862 feliciter
475 3812 567 3873 ilurss,
586 3812 614 3861 ni
629 3809 800 3881 diligentiam
817 3820 846 3863 et
860 3811 965 3863 animos
979 3812 1128 3863 maioribus
1144 3811 1245 3865 nostris

170 3886 319 3949 nostroque
335 3880 453 3963 ipsorum
471 3884 581 3933 nomine
595 3880 691 3951 dignos
710 3883 915 3949 susceperimus.
959 3882 1007 3934 His
1026 3883 1141 3936 iunioris
1155 3882 1245 3949 impo-

171 3951 268 4000 ratoris
283 3958 427 4002 comitatus
443 3952 477 4003 ad
490 3968 572 4005 unum
586 3952 707 4005 assensit
743 3950 779 4003 At
793 3951 908 4004 senioris
923 3953 1066 4021 optimates
1082 3969 1140 4003 non
1157 3951 1245 4003 duxe-

170 4026 235 4069 runt
253 4034 302 4086 pro
323 4022 478 4073 necessariis
498 4038 566 4093 quoe
590 4020 765 4088 dicebantur,
791 4024 899 4074 tametsi
919 4039 951 4074 ee
974 4023 1063 4092 palam
1080 4028 1113 4073 ut
1134 4020 1246 4071 inutilis

174 4102 318 4157 coarguere
341 4106 396 4141 non
425 4092 570 4147 auderent:
597 4092 644 4144 sed
668 4092 753 4145 multe
776 4092 905 4162 deinceps
938 4100 1110 4153 acerrautes,
1144 4089 1245 4159 quibus

173 4158 257 4208 olium
277 4160 369 4227 potius
389 4161 543 4230 eligendum
564 4171 727 4224 astruerent,
754 4161 892 4215 discordes
910 4169 1099 4226 surrexerunt,
1119 4160 1197 4231 qnasi
1216 4158 1246 4209 in

175 4232 228 4279 hm
246 4230 376 4301 perplexo
396 4232 505 4302 negotio
528 4242 628 4289 certum
648 4233 791 4290 consilium
813 4234 932 4308 reperire
954 4234 1118 4303 nequirent,
1143 4242 1246 4290 revers,
