3025 4900
277 182 362 268 310
678 157 955 274 mittemini

277 359 442 434 tincprlnel
473 397 484 422 ,
490 357 716 430 filiarumalttra
726 361 755 412 ei
765 357 913 430 desponsa,
922 356 1077 412 dimittitur.
1096 357 1240 423 Qseuenam
1252 367 1281 410 et
1291 373 1360 428 qua·

277 435 315 487 lis
325 435 377 486 illa
453 429 597 500 'erfissrit,
607 429 764 498 exponitur.
786 429 850 481 Duo
860 427 944 484 ducet
960 428 992 480 in
1000 428 1190 482 Acarnaniam
1200 443 1262 478 eust
1270 429 1361 498 copiis

277 505 437 562 mittuntur,
451 498 602 568 imperator·
611 515 638 550 se
660 499 738 550 uitur
747 511 776 552 et
787 497 828 549 iii
833 498 893 552 eius
906 495 1041 568 actuali
1069 500 1188 550 Artatos
1197 494 1362 550 domesticus

279 585 310 628 ut
318 570 494 643 praefractos
503 517 696 636 reprehendit:
707 578 841 639 quantum
855 565 1088 640 damnisecerint,
1099 563 1220 619 ostendit
1225 585 1237 634 ,¹
1254 568 1361 637 gravia

279 644 465 700 comminatur
476 637 553 706 (³5).·
579 636 699 705 lilsogios
710 649 808 690 contra
825 655 918 690 corum
930 636 1110 690 contumelias
1130 633 1261 708 defindit.
1300 641 1362 704 Quo

280 715 343 766 iure
351 709 516 764 Acerssenia
526 707 711 760 Romanorum
720 707 767 767 sit,
786 704 995 760 demonstratur.
1016 706 1116 758 Actaei
1126 722 1155 757 se
1167 703 1282 764 dedunt.
1309 707 1363 758 las-

279 791 395 852 perator
404 791 430 833 et
438 777 538 830 milites
545 775 639 828 morlo
647 773 816 846 affliguntur
823 775 889 846 (36).
919 777 1186 829 Tleomocastriorum
1199 773 1318 837 obsidio,
1335 787 1364 828 et

278 867 372 906 corum
382 847 510 919 superbia
519 859 602 916 atque
611 843 794 899 contumacia.
812 844 856 899 Ad
865 842 1031 899 deditionem
1041 862 1086 898 eos
1096 842 1258 896 domesticus
1264 844 1364 898 colion·

279 931 358 976 tatur
374 931 403 972 et
423 935 456 970 co
476 933 558 987 scapo
573 933 632 969 cusn
641 913 805 985 paedagogo
825 933 933 987 qnoque
945 916 1084 985 principis
1091 913 1192 984 pueri,
1210 915 1275 967 viro
1291 932 1363 982 prn-

280 989 362 1046 dente
381 985 523 1048 conalili,
541 987 611 1052 agit.
645 982 690 1037 Ad
703 985 854 1039 concilium
866 1003 910 1041 res
923 984 1049 1056 refertur.
1066 981 1182 1036 Deditio
1194 981 1362 1036 decernitur.

280 1056 450 1113 laudantur
462 1073 481 1106 a
493 1073 535 1108 mc
557 1072 594 1109 no
609 1052 827 1123 domesticam)
862 1055 903 1110 Ab
913 1057 1076 1123 imperatore
1089 1052 1244 1120 honorifice
1254 1054 1363 1123 accipi-

280 1140 376 1184 untur.
413 1125 513 1194 Magne·
547 1123 759 1206 omesticifissm
774 1122 935 1176 uenimus
950 1122 1163 1178 Thessalonicae
1173 1122 1307 1176 Demetrii
1314 1121 1364 1175 dt·

277 1211 373 1271 spotat
382 1194 480 1267 filiam
489 1211 601 1248 uxorem
614 1190 709 1248 duest:
724 1193 909 1264 Apocauclus
921 1191 1101 1246 monachismi
1111 1191 1363 1265 profitendijacele

279 1281 362 1322 tatem
379 1277 474 1336 rogat:
498 1266 559 1318 cius
572 1263 705 1316 voluntas
717 1266 891 1334 exploratur·
928 1264 1046 1317 Classem
1062 1275 1162 1314 contra
1177 1263 1274 1316 Persas
1284 1263 1365 1331 pira-

278 1351 322 1390 tas
336 1335 413 1407 petit.
448 1335 516 1388 Esse
534 1335 668 1404 ignavum
690 1343 717 1386 et
732 1333 883 1403 improbum
899 1333 1052 1398 leominem,
1079 1331 1366 1403 imperatordomeeei·

279 1424 340 1463 cuns
354 1417 455 1458 monet.
491 1405 584 1456 Datur
602 1403 713 1456 classis.-
735 1415 853 1473 apparet
874 1406 935 1457 eius
946 1403 1033 1474 fraus
1050 1413 1078 1456 st
1092 1401 1244 1457 calliditas.
1280 1402 1365 1454 Urbes

280 1487 308 1532 tt
324 1474 457 1536 castella,
499 1488 551 1526 uae
567 1472 672 1542 partim
685 1475 884 1534 construxerit,
903 1473 1007 1544 partim
1021 1474 1191 1527 instaurarit
1204 1473 1363 1542 imperator,

270 1490 734 1679 ·:::⁶t:i“ti{iii:tnt
746 1543 911 1681 sitit
924 1540 1365 1666 ,tintinant

281 1687 406 1741 luamus,
431 1699 465 1734 ne
492 1677 688 1734 monachorum
703 1681 861 1732 institutum
876 1683 1011 1734 convitiis
1035 1681 1152 1734 laceret.
1184 1682 1226 1733 De
1248 1680 1363 1740 lumine,

281 1749 360 1828 quod
376 1747 532 1819 aliquando
546 1760 657 1804 sanctos
676 1749 755 1802 viros
771 1749 976 1819 circumfisndit
1011 1750 1079 1803 Item
1094 1747 1130 1802 de
1144 1751 1248 1804 lumine
1263 1750 1368 1804 Cisrieti

281 1817 482 1892 transfigurati
499 1821 530 1872 in
544 1831 634 1872 monte
653 1817 779 1881 Thabor,
796 1837 856 1872 cum
871 1822 961 1874 oeulis
978 1822 1119 1891 corporeis
1133 1833 1303 1887 conspectum
1318 1821 1365 1880 sit,

282 1909 323 1946 an
337 1892 492 1942 increatum
499 1887 603 1958 suerit.
639 1887 805 1942 Barlaamus
821 1902 924 1958 negat,
942 1903 970 1944 et
988 1890 1054 1942 lene
1071 1890 1252 1964 quidemst&
1288 1892 1367 1943 Cort-

282 1973 330 2013 tra
345 1975 405 2012 eum
421 1955 551 2024 Synodus
563 1959 690 2027 cogitur,
713 1961 762 2011 oui
772 1958 928 2029 respondet.
962 1961 1047 2014 Canit
1056 1959 1232 2028 palinodiam
1242 1961 1367 2013 Barlaa-

283 2045 363 2089 mus,
382 2028 430 2080 cui
442 2027 549 2098 petenti
562 2026 649 2080 venia
667 2025 769 2081 dature
791 2041 819 2082 et
835 2029 922 2080 datur
938 2045 999 2081 cum
1013 2029 1220 2099 significatione
1237 2027 1366 2080 caritatis

282 2097 405 2166 egregia.
439 2097 538 2149 Novas
559 2096 656 2149 turbae
677 2099 733 2152 ciet
757 2099 818 2151 eius
840 2095 996 2167 discipulus
1014 2101 1162 2167 Gregorius
1179 2097 1364 2164 Acindynus,

284 2170 335 2240 qui
349 2167 440 2219 altera
457 2163 567 2233 Synodo
583 2177 681 2218 coacta
700 2165 857 2220 damnatur.
891 2169 1073 2237 Imperatoris
1086 2167 1200 2220 storius.
1231 2172 1387 2237 Apocauffi

285 2237 351 2290 clsus
367 2253 495 2302 magnum
511 2233 686 2290 domesticum
699 2235 845 2298 sollicitat,
868 2251 901 2290 ut
913 2239 1038 2308 insignia
1048 2238 1227 2308 imperatoria
1243 2247 1367 2289 assumat

284 2320 312 2364 et
330 2317 361 2358 ut
376 2305 467 2376 filium
482 2323 515 2358 eo
534 2303 663 2370 inducam·
681 2315 794 2358 matrem
808 2323 917 2377 quoque
931 2321 1031 2361 tentat:
1048 2306 1098 2362 sed
1114 2309 1149 2360 ab
1166 2308 1287 2377 utrisque
1297 2305 1368 2358 reii-

285 2379 368 2430 citur.
403 2375 494 2428 Sermo
510 2371 655 2428 domestici
668 2391 728 2428 cum
744 2378 827 2428 Anna
840 2377 1024 2446 imperatrice,
1041 2391 1069 2431 et
1082 2376 1257 2444 imperatoris
1270 2393 1305 2429 es
1314 2375 1368 2428 hac

284 2446 347 2501 luce
362 2445 578 2513 emigratiollo).
616 2444 786 2516 Singularia
809 2459 837 2499 et
862 2447 991 2515 inprimis
1017 2447 1158 2502 natatilia
1176 2449 1208 2500 in
1228 2445 1280 2500 leoc
1293 2445 1368 2499 libro

284 2528 351 2571 sunt
375 2513 459 2567 haec.-
483 2515 608 2582 exempla
632 2516 763 2567 caritatis
777 2532 812 2568 ae
826 2518 928 2570 veniae
947 2520 978 2570 in
996 2520 1143 2581 inimicas,
1172 2516 1273 2589 qualia
1295 2516 1369 2569 lilro

283 2586 374 2656 primo
392 2585 423 2635 in
435 2584 568 2651 pacuvio
585 2584 736 2651 Syrmpano
756 2596 783 2637 et
798 2584 964 2656 imperatore
980 2590 1092 2642 iuniore
1107 2586 1242 2640 adversus
1257 2584 1369 2655 paniss-

284 2649 469 2725 perseiastum
483 2651 606 2725 mirifica
623 2650 678 2705 duo
697 2652 839 2718 vidimus,
862 2669 889 2709 et
909 2674 1018 2709 rursum
1040 2659 1113 2711 libra
1132 2658 1217 2711 tertio
1232 2652 1369 2729 quaedam

287 2722 390 2779 sainsia
400 2721 570 2789 uidebimusp
594 2732 635 2775 tot
650 2724 798 2777 Persarum
814 2726 993 2797 irruptiones,
1011 2729 1111 2799 quibus
1125 2745 1170 2780 ree
1182 2744 1287 2795 semper
1298 2727 1369 2777 mele

287 2792 390 2854 esssitp
415 2790 576 2861 testificatio
601 2792 728 2847 crebrior
755 2807 785 2847 et
805 2794 993 2863 leepytosdtn
1022 2799 1126 2851 amoris
1144 2794 1370 2865 incomparabilis

289 2862 364 2913 inter
377 2862 568 2929 imperatorem
582 2874 609 2913 et
621 2878 749 2932 magnum
768 2862 963 2931 domesticum
987 2866 1163 2938 imperatorie
1181 2866 1288 2918 marius
1304 2882 1371 2935 gra·

289 2928 419 2983 uiuimus
433 2943 461 2983 et
476 2927 579 2983 divina
589 2933 801 3002 perDeiparam
815 2939 945 3002 sanctiof
960 2936 1128 3003 Syreiannis
1139 2935 1307 2995 coniuratio.
1324 2936 1372 2987 iu·

290 2997 405 3060 dicim,
420 2998 598 3067 trucidaties
626 3002 721 3062 Citius,
741 3000 853 3067 lesbus,
871 3006 1036 3059 Acarnania
1052 3019 1251 3075 recuperatae,·
1274 3020 1376 3055 mona·

290 3068 387 3122 elsismi
400 3070 577 3139 praeclensm
598 3070 749 3141 aliquoties
763 3076 931 3137 encomium,
958 3087 989 3127 ut
1005 3077 1088 3129 etiass
1103 3093 1186 3143 saepe
1199 3076 1231 3126 in
1246 3074 1331 3127 tertio
1345 3085 1373 3126 st

289 3151 392 3209 quarta
401 3138 589 3209 potissimum,-
605 3142 746 3195 contentia
755 3142 902 3195 Batiam
914 3160 976 3198 cum
987 3144 1130 3201 monacile
1146 3146 1265 3200 Graecis
1279 3156 1307 3198 et
1318 3143 1373 3215 Sy·

289 3206 360 3267 nodi
370 3206 462 3281 eliens,⁸
479 3208 657 3279 imperatoris
673 3228 689 3273 e
703 3210 767 3264 uita
781 3209 926 3273 discessun

147 3542 293 3598 bil-¹³²⁸
373 3545 406 3613 ai.
440 3498 509 3605 Ἀ
533 3552 594 3633 μὲν
621 3542 679 3617 oie
705 3551 883 3637 πολεμοῦσί
900 3576 934 3619 se
954 3553 1098 3639 ἀλλήλοις
1118 3559 1184 3630 τοῖς
1207 3552 1375 3636 βασιλεῦσι

205 3648 233 3700 Ρ·
241 3638 350 3707 wisel
365 3643 484 3725 μεταξῦ
506 3650 776 3734 διαλλαττομένοις
795 3652 944 3739 ἐπράχθη
964 3658 1034 3736 μετ’
1055 3652 1216 3737 ἀλλήλων,
1237 3646 1372 3714 τοιαῦτά

198 3740 442 3809 intineris
457 3744 494 3809 il
512 3738 769 3831 almipotens·
781 3749 889 3817 λοιπὸν
904 3747 1164 3839 διηγητέονκαίἃ
1179 3750 1223 3836 τῷ
1234 3752 1295 3837 νέῳ
1302 3746 1375 3859 ‘Ap-

350 3962 390 4037 s.=
408 3906 513 4033 Quae
538 3980 572 4034 sb
598 3986 808 4053 imperatoribus
829 3986 904 4040 bello
929 3991 1025 4040 notae
1051 4004 1120 4057 pace
1159 3984 1377 4052 erodintegtata

295 4050 455 4133 85th
479 4049 689 4118 explanavimus.
726 4056 858 4127 Sequitur
874 4064 907 4108 ut
923 4073 994 4127 quaa
1011 4058 1104 4111 iunior
1147 4055 1310 4115 udsouicue,
1334 4059 1380 4103 to-

294 4122 350 4177 tsus
366 4134 422 4175 nm
445 4127 546 4195 potens
563 4121 673 4195 imperii
696 4128 1000 4199 annuntiaturum,
1024 4142 1187 4185 enarremus.
1222 4125 1275 4181 Dic
1293 4122 1380 4179 alten
