3025 4900
459 279 741 348 msromamm
775 287 802 347 1.
821 289 873 354 21.
1134 289 1210 372 ¹⁰7

134 439 230 501 θεντο
248 433 340 522 δρᾷν,
357 431 417 519 τὴν
437 435 483 513 είς
508 433 567 520 τὴν
594 432 928 520 decacuminare]
946 434 1045 522 δφῆιιε
1074 439 1211 522 πορείαν.
1220 456 1286 514 ες,
1298 461 1358 512 132,

133 533 165 596 oi
186 533 224 596 δδ
242 523 374 614 ἅσμενοι
395 531 555 616 δεξάμενοι
572 531 629 600 τὸν
646 533 747 617 λόγον,
777 535 832 599 κατ’
849 534 1019 618 μονονουχὶ
1036 533 1214 614 Βυζαντίου

134 631 283 710 δόξαντες
297 632 528 715 κεκρατηκέναι,
546 632 814 718 παρεσιαυοίζοντο
829 629 906 717 πρὸς
918 629 976 716 τὴν
990 631 1126 716 πορείαν.
1147 634 1217 696 ἕποι’
1225 649 1246 702 c

134 729 173 792 δὲ
201 723 262 790 oris
288 722 493 812 ἠδυνήθησαν
520 728 579 814 τὴν
607 727 688 816 πρὸς
709 728 940 814 Θεσσαλονίκην
960 723 1089 794 ἑλέσθαι
1110 741 1218 794 πεῖσαι

114 822 195 908 ὅτὴν
214 823 384 910 στρατιὰν,
421 827 588 910 συνεώρων
615 852 649 892 τε
668 820 729 912 ἤδη
748 829 793 915 τῷ
819 831 1020 917 πρεσβυτέρῳ
1041 832 1170 910 βασιλεῖ
1185 829 1218 902 ἐς

137 923 283 987 κίνδυνον
302 921 343 988 τοὶ
363 922 533 1010 πρᾶγματα
552 925 757 1012 χωρήσαντα,
778 921 847 1007 ἅμα
867 927 912 1014 τῷ
930 925 1054 1014 μεγάλῳ
1075 927 1219 1007 δομεστί-

137 1044 182 1108 τῳ
198 1019 216 1083 δ
229 1020 378 1102 βασιλεδς
392 1021 619 1104 ἐβουλεύσαντο
634 1025 679 1112 τῷ
694 1027 896 1112 πρεσβυτέρῳ
911 1027 1038 1106 βασιλεῖ
1050 1021 1102 1086 διὰ
1116 1047 1218 1108 χραμ-

137 1119 248 1201 μολτων
267 1117 373 1205 νρδφα
393 1118 453 1205 τὴν
466 1118 582 1207 ἔφοδον
602 1115 708 1187 αὗτῶν
729 1123 878 1207 δηλῶσαι.
903 1117 979 1207 ὅπερ
1000 1123 1030 1185 εἰ
1048 1119 1218 1203 κατάδηλον

138 1220 318 1301 συνηνέχθη
345 1219 494 1301 γενέσθαι
518 1219 558 1306 τῇ
576 1221 724 1307 στρατιᾷ,
765 1219 904 1306 τάραχον
931 1213 971 1284 dr
990 1219 1133 1302 ἐποίησεν
1162 1213 1218 1282 οὐκ

101 1313 264 1398 sotum,
291 1313 336 1393 ὥς
363 1313 427 1380 sissi
450 1317 515 1382 sois
534 1319 695 1403 σφετέρων
714 1315 876 1402 ἀρχόντων
895 1317 1220 1403 ιιαταπροδιδομίνοις.

137 1413 257 1500 χρσὶφει
275 1412 314 1498 δη“
334 1411 514 1496 βασιλευςδ
530 1416 606 1495 νέος,
626 1419 685 1480 τοῦ
703 1416 840 1500 μεγάλου
857 1415 1038 1497 δομεστιλιου
1056 1413 1097 1479 ταὶ
1117 1412 1221 1499 γράμ-

139 1537 225 1595 ματα
239 1511 498 1599 ἐγχαράττοντος,
508 1516 552 1603 τῷ
565 1510 682 1604 πάππῳ
696 1516 840 1580 τοιαῦτα·
858 1507 905 1598 „ni
918 1513 1064 1579 θειότατε
1078 1515 1220 1595 βασιλεῦ,

141 1606 244 1694 ὅσπερ
265 1609 424 1694 πολλάκις,
443 1611 499 1676 καί
515 1615 573 1678 νῦν
585 1609 660 1678 θεὸν
675 1611 933 1700 ἐπιμαρτύρομαι
951 1622 1018 1688 τοῖς
1035 1610 1221 1696 λεγομένοις,

140 1706 183 1785 aie
201 1701 273 1772 οὔτ’
292 1703 403 1773 αι’πόθι
421 1708 533 1796 παρδν
560 1711 688 1800 ἐμαυτῷ
714 1736 747 1776 τι
767 1708 900 1778 σύνοιδα
920 1708 999 1798 πρὸς
1019 1707 1078 1794 σὴν
1097 1705 1253 1793 ἔχθρανΙ)

106 1807 380 1894 ιὸἔξειρχοισμένφ,
409 1799 476 1872 οὔτ’
493 1807 549 1874 tut
560 1807 688 1884 ,τούτοις
707 1803 845 1895 ἀπέστην
865 1807 910 1886 cic
928 1806 1032 1898 τρόπῳ
1052 1805 1145 1872 παντί
1163 1831 1222 1872 ιια-

139 1903 250 1970 τόσων
266 1902 308 1970 τὰ
324 1902 387 1969 σά·
405 1905 473 1970 ἀλλ’
492 1908 546 1972 ἵνα
564 1903 660 1989 μόνον
676 1905 734 1973 τὸν
755 1910 966 1994 ἐπηρτημένον
985 1909 1058 1991 ipos*
1076 1908 1221 1972 κίνδυνον

139 2003 269 2088 δυνηθιδ
290 1998 474 2089 διαφυγεῖν.
509 2005 581 2070 νυνί
599 2007 635 2070 δὲ
651 2009 745 2070 codro
765 2009 825 2088 μὲν
852 2009 927 2088 ἐμοὶ
945 2009 1103 2092 περίεστιν
1123 2009 1158 2072 ἒν
1177 2004 1223 2093 τῷ

138 2099 284 2186 δσφαλεῖ
299 2092 385 2188 ὄντι,
417 2105 454 2168 σὲ
473 2104 506 2167 δ’
524 2107 560 2168 εἰι
576 2107 633 2168 τοῦ
651 2104 793 2170 ἐναντίου
814 2103 903 2192 παρὰ
922 2106 1026 2172 πᾶσαν
1046 2100 1125 2188 ἐμὴν
1145 2099 1223 2186 βαδ-

137 2195 262 2283 λησινδ
283 2200 426 2278 κίνδυνος
443 2203 650 2288 περιέστηκεν.
671 2201 740 2268 lost
760 2201 831 2291 γὰρ,
851 2201 936 2293 πόση
952 2199 1148 2290 χρησάμενος
1161 2227 1222 2285 μη-

104 2304 224 2385 ιοχσνῇ
243 2293 328 2363 ὅστε
346 2299 406 2384 τὴν
424 2299 571 2386 στρατιὰν
590 2298 670 2386 πρὸς
685 2300 744 2386 τὴν
760 2298 896 2390 ἑσπέραν
909 2303 1088 2388 τραπέσθαι
1104 2307 1222 2381 πεῖσαι,

141 2394 309 2475 ἀδυνάτως
329 2395 442 2481 ἔσχον.
478 2399 594 2484 ἀνάγκη
615 2396 654 2484 δη
674 2403 762 2467 πᾶσα
781 2399 858 2484 ὑμῖν
877 2403 1036 2469 ἐπελθεῖν.
1074 2397 1135 2485 ἐγώ
1163 2401 1223 2481 μὲν

137 2491 196 2562 οὖν
214 2495 423 2582 σχολαιτερον
441 2500 618 2581 βαδιοῦμαι
637 2510 740 2565 νοσεῖν
760 2497 986 2583 πλαττόμενος·
1007 2496 1163 2582 εἰσβαλων
1185 2498 1221 2560 δὲ
1279 2552 1281 2558 .

140 2597 335 2685 πειράσομαι
352 2594 411 2682 την
429 2600 580 2682 ταχίστην
599 2591 786 2685 ἀναχωρεῖν.
805 2601 858 2665 σοί
877 2602 907 2664 δ’
919 2602 954 2665 δν
969 2596 1103 2687 τοσουτῳ
1114 2618 1221 2683 Ιφρου-
1269 2616 1272 2627 ·

210 2748 252 2785 ro.
270 2730 534 2805 ιιατστιροδιδαμένη
551 2735 622 2788 coni.
639 2732 697 2793 ΕΙ).
716 2734 760 2797 Ρ.,
771 2731 831 2791 ¹sed
846 2732 918 2785 nibil
935 2730 1101 2784 mutandum.

140 2833 312 2903 temperandi
330 2834 419 2887 facere
433 2838 605 2899 annuissent,
621 2835 880 2903 Constantinopolin
895 2836 936 2888 ire
950 2836 1084 2906 permisit.
1118 2834 1220 2887 Vocem

141 2908 201 2959 eius
222 2905 326 2958 milites
353 2906 545 2973 gratulabundi
568 2907 724 2974 excipiunt,
754 2913 784 2957 et
807 2906 964 2972 Byzantium
987 2914 1091 2957 tantum
1115 2921 1170 2955 non
1191 2906 1221 2957 in

141 2975 269 3027 manibus
286 2976 339 3027 iam
362 2993 391 3028 se
409 2974 511 3030 babere
535 2976 692 3045 opinantes,
723 2976 777 3025 iter
793 2982 895 3041 parant
939 2974 1007 3043 Ergo
1035 2976 1162 3043 quoniam
1180 2972 1220 3024 -sb

141 3046 264 3097 exercitu
284 3045 431 3115 impetrare
450 3046 653 3118 nequivissent,
676 3052 708 3097 ut
724 3042 943 3096 Thessalonicam
963 3042 1025 3093 duci
1042 3042 1152 3104 mallet,
1175 3044 1221 3095 in-

140 3114 359 3186 telligebantque
380 3118 514 3169 seniorem
539 3118 727 3185 imperatorem
748 3114 841 3165 venire
862 3114 892 3163 in
915 3112 1081 3233 periculum,
1113 3110 1172 3180 ipse
1193 3120 1222 3165 et

141 3202 255 3255 magnus
275 3183 438 3238 domesticus
458 3188 524 3238 elam
541 3187 619 3238 illum
637 3202 687 3255 per
702 3184 844 3253 epistolam
861 3180 894 3234 dc
936 3199 967 3235 oc
990 3178 1107 3234 adventu
1126 3180 1220 3233 admo-

141 3272 208 3307 nere
228 3254 386 3307 decernunt.
435 3256 467 3309 ld
487 3259 511 3308 si
533 3257 611 3309 miles
634 3256 821 3321 comperisset,
848 3260 984 3323 tamquam
1012 3270 1028 3303 a
1050 3250 1219 3321 principibus

142 3326 198 3376 anis
219 3322 362 3393 proditus,
388 3342 455 3395 qsras
470 3343 526 3378 non
545 3326 638 3379 turbas
658 3322 819 3377 excitasset?
852 3324 918 3374 Eam
936 3322 1078 3393 epistolam
1100 3320 1219 3374 dictante

143 3396 305 3465 imperatore
322 3394 429 3446 iuniore
444 3394 605 3448 domesticus
622 3401 714 3447 exarat
726 3396 755 3445 in
770 3392 838 3444 baec
852 3392 945 3445 verba:
970 3394 1006 3443 Ut
1028 3390 1142 3443 antebac
1157 3408 1217 3443 sae-

144 3467 206 3534 pius
215 3502 223 3527 ,
249 3464 289 3515 sic
303 3480 377 3516 nnnc
392 3464 480 3518 Deum
493 3465 626 3517 dictorum
644 3473 739 3517 testem
755 3463 880 3532 appello,
905 3462 1081 3515 sacratissime
1099 3462 1218 3531 impera-

144 3542 201 3595 tor,
228 3550 319 3603 neque
339 3551 400 3587 cum
420 3534 480 3587 illic
497 3534 636 3605 degerem,
663 3534 790 3585 facinoris
810 3532 945 3586 conscium
964 3532 1063 3595 fuisse,
1094 3532 1135 3582 tui
1153 3532 1218 3584 odio

144 3603 271 3665 admissi,
299 3620 389 3674 neque
404 3604 466 3657 ideo
486 3602 550 3657 inde
569 3604 682 3666 abiisse,
706 3611 737 3654 nt
760 3603 835 3654 omni
857 3605 961 3655 ratione
983 3600 1145 3653 detrimenta
1166 3601 1219 3653 tibi

144 3672 316 3725 inveberem:
333 3674 382 3726 sed
396 3674 432 3725 ob
447 3674 476 3727 id
490 3675 585 3736 solnm,
604 3682 635 3727 nt
649 3672 808 3743 impendens
827 3672 975 3724 cervicibus
993 3674 1059 3723 meis
1074 3672 1219 3725 discrimen

144 3748 302 3813 effugerem,
327 3742 402 3815 quod
424 3742 534 3817 quidem
555 3744 615 3796 loco
638 3760 732 3795 securo
753 3742 916 3794 constitutus
943 3744 1037 3811 σπαρῇ
1065 3750 1092 3794 te
1116 3748 1219 3803 contra,

144 3830 186 3864 me
207 3812 329 3883 φιιτανίι
348 3817 458 3882 penitus
473 3815 603 3877 nolente,
628 3810 772 3865 discrimen
794 3812 915 3865 insolvit
951 3814 1019 3864 Ecce
1043 3812 1131 3875 enim,
1157 3827 1218 3861 cum

144 3882 217 3934 nibil
233 3900 291 3935 non
305 3886 448 3946 tentarim,
472 3894 505 3938 ut
526 3885 656 3937 exercitui
673 3885 703 3934 in
725 3881 892 3934 occidentem
909 3886 1050 3936 transitum
1069 3879 1218 3949 persuade-

145 3969 216 4015 rem,
241 3952 313 4005 nibil
332 3954 383 4023 egi.
418 3952 472 4006 Nos
490 3954 574 4024 igitur
590 3961 684 4005 contra
700 3952 834 4004 tevenire
850 3968 960 4005 necesse
977 3952 1146 4006 estomnlno.
1183 3948 1218 4001 At

144 4038 195 4093 ego
205 4022 330 4074 morbum
345 4022 490 4086 sisnulans,
515 4024 616 4075 lentius
628 4019 850 4085 castrametabor,
874 4029 902 4076 et
915 4031 977 4091 post
990 4022 1107 4091 primurn
1125 4022 1217 4071 incur-

145 4109 204 4143 sum
218 4092 289 4145 dabo
302 4108 426 4163 operam,
445 4100 477 4145 nt
486 4094 615 4146 citissime
624 4092 757 4145 recedam.
794 4091 857 4143 Tibi
874 4093 978 4147 interea
991 4090 1124 4161 palatium
1140 4104 1216 4157 prae·

146 4160 217 4215 sidio
231 4164 336 4216 damase
352 4162 463 4225 licebit,
488 4165 628 4235 φσιιίεῳιε
645 4162 722 4217 arbis
748 4176 817 4233 quos
837 4160 921 4216 babes
941 4164 982 4215 tui
1006 4160 1215 4213 studiosissimos
