3025 4900
498 301 780 408 fflsloltlnltUM
808 346 835 406 1.
863 349 915 414 ιι.
1152 313 1231 405 nor

160 491 217 558 roi
231 487 434 577 πατριάρχου
454 489 612 574 λεγόμενον
628 492 806 580 μαφάριον,
826 495 881 584 τδν
892 501 1025 579 βασιλέα
1038 495 1162 583 παριάν
1175 504 1236 584 θυ-
1245 507 1382 566 mertui

157 595 228 678 μιᾷ·
247 589 408 664 κλίναντος
428 591 463 654 δὲ
484 584 582 654 edred
603 591 659 676 τὴν
677 593 829 678 κεφαλὴν,
850 595 868 660 ὁ
885 595 1026 674 διάκονος
1043 599 1088 672 εἰς
1107 595 1239 682 ἐπήκοον

153 689 284 784 ’πάντων
317 692 501 772 ,μνησθειη
524 711 629 772 κυριος
650 713 666 752 o
687 696 771 767 deod
817 700 900 777 layas
913 698 993 775 „roei
1019 693 1154 782 κράτους
1181 698 1238 781 τῆς

156 786 323 870 βασιλείαις
342 783 435 864 ὑμῶν
457 787 490 850 ἐν
511 789 709 876 τῇβασιλείᾳ
734 789 833 854 oritoni
850 791 1002 874 πάντοτε,
1033 795 1091 858 νῦν
1111 795 1167 858 κατ’
1186 793 1239 858 ἀεὶ

136 885 277 962 §reniale
297 881 373 959 τούς
410 885 524 959 αἰῶνας
551 890 613 950 τῶν
640 884 793 969 αιίδνων,”
820 891 971 971 ἐπιλέγων
999 890 1055 956 καί
1081 890 1116 955 τὸ
1140 893 1332 976 ciminii-roo

157 989 273 1070 ἐφεξῆς
292 987 327 1050 δὲ
344 983 399 1046 κατ’
419 972 448 1046 οἱ
466 982 571 1048 λοιποί
590 985 730 1050 διάκονοι
746 987 911 1072 παριόντες
930 988 986 1054 καί
1003 987 1099 1076 ἱερεῖς
1115 992 1241 1073 λέγουσι

157 1081 192 1148 τὸ
215 1077 306 1148 ου’τά.
327 1078 440 1147 τούτου
465 1084 500 1173 di
521 1085 735 1166 τελεσθέντος,
756 1081 773 1147 δ
791 1083 944 1169 βασιλεῦς
964 1087 1020 1154 τὸν
1038 1085 1239 1175 πατριάρχην

161 1177 445 1266 προσαγορεύσας,
474 1178 646 1246 ἀποδύεται
662 1179 717 1246 τδν
736 1183 966 1268 providemus*
986 1185 1040 1250 τὸν
1061 1185 1159 1268 μὲνδ
1187 1190 1242 1272 τῆς

157 1279 323 1364 ἐκκλησίας
335 1277 592 1366 ῥαιφερενδάριος
605 1279 810 1368 ἀποφέρεται,
829 1280 926 1369 (οὕτω
945 1284 1006 1371 γάρ
1027 1283 1126 1373 ἔθος)
1146 1287 1267 1366 ὄβας

116 1376 268 1456 ισσιλεδς
292 1381 322 1442 δ’
344 1377 398 1442 ἐπί
423 1375 478 1463 την
500 1372 686 1464 ἀναβάθραν
712 1375 933 1466 ἀνερχόμενος,
957 1385 1011 1448 ε’πί
1040 1388 1096 1449 τοῦ
1123 1381 1238 1470 θρόνου

156 1475 294 1561 κάθηται
310 1475 422 1558 πάλιν,
447 1477 504 1540 τοῦ
523 1475 683 1560 συμβόλου
698 1481 754 1562 τῆς
777 1481 909 1556 πίστεως
932 1483 988 1567 τῆς
1003 1506 1039 1546 τι
1061 1484 1239 1566 προσευχῆς

155 1577 216 1640 τοῦ
228 1573 325 1660 πάτερ
346 1573 437 1657 ἡμῶν
457 1578 630 1656 λεγομένων
639 1627 650 1657 ,
679 1580 734 1642 καί
749 1581 805 1662 τῆς
824 1577 980 1661 δράστας
1000 1582 1162 1663 γενομένης
1181 1582 1239 1644 τοῦ

157 1675 342 1738 δεσποτικοῦ
368 1673 423 1738 καί
441 1673 533 1756 ἀμὀυ
553 1673 708 1758 σώματος,
728 1675 937 1759 ἀνιστάμενος.
959 1679 1015 1762 τῆς
1029 1676 1184 1761 διατάσεως
1202 1679 1239 1744 δὲ
1322 1700 1326 1712 ·

154 1774 374 1856 τελεσθείσης,
395 1773 425 1836 εἰ
444 1776 504 1854 μὲν
524 1765 744 1858 ἀνεπιτηδείως
769 1775 849 1862 πρὸς
876 1776 934 1861 την
955 1781 1017 1843 τῶν
1036 1759 1239 1861 ἀγιασμάτων

118 1869 321 1940 ιόιιοινωνίαν
347 1870 365 1933 o‘
385 1869 534 1953 βασιλεδς
561 1871 645 1956 ἔχει,
675 1877 774 1959 μέχρι
798 1873 1051 1960 συμπληρώσεως
1074 1879 1127 1960 τῆς
1147 1874 1239 1951 θείας

152 1967 375 2052 μυσταγωγιας
404 1967 540 2054 κάθηται
563 1969 618 2036 ἐπὶ
645 1973 704 2035 τοῦι
724 1974 851 2058 θρόνου·
871 1976 957 2039 εἰδὲ
981 1971 1236 2058 παρεσκεύασται
1263 2025 1268 2034 .

154 2064 236 2152 πρὸς
253 2068 365 2147 τοῦτο,
382 2065 476 2132 πάλιν
496 2067 591 2158 odedu
614 2065 643 2132 oi
670 2065 814 2135 διάκονοι
833 2067 999 2156 ἐρχόμεναι
1026 2072 1239 2155 προσκαλοῦν-

152 2190 214 2234 ται.
237 2169 292 2230 καί
304 2168 369 2248 μετ’
386 2165 491 2230 αδτιδν
505 2165 604 2243 εάθδς
630 2165 760 2232 εἴσεισιν
780 2169 826 2244 εἰς
844 2167 883 2234 τοὶ
904 2163 1021 2249 ἄδυτα,
1042 2167 1097 2233 καί
1115 2173 1236 2250 θυμια-
1261 2169 1272 2196 '

152 2267 210 2332 τοῦ
236 2258 321 2353 αὖτῷ
346 2268 530 2348 διδομένου,
561 2263 619 2352 τὴν
642 2264 730 2353 ἱεράν
753 2266 909 2352 τράπεζαν
937 2271 1047 2354 πρῶτα
1070 2270 1130 2348 μὲν
1155 2264 1233 2330 ιιατά
1273 2294 1277 2304 ·

112 2359 312 2441 τοάνατολάς
327 2368 441 2453 θυμιᾷ,
462 2360 530 2430 εἶτα
545 2363 624 2451 πρὸς
641 2357 754 2451 ἄρκτον
768 2364 823 2430 καί
836 2364 918 2449 μετά
941 2370 1034 2431 τοῦτο
1050 2362 1128 2451 πρδς
1141 2361 1235 2428 ioui-

152 2488 214 2549 ραν
240 2468 296 2529 κατ’
315 2470 466 2549 τέταρτον
490 2462 569 2550 πρὸς
590 2464 789 2551 μεσημβρίαν
813 2469 946 2548 βλέπων·
973 2463 1066 2532 πάλιν
1095 2466 1129 2529 δὲ
1156 2460 1264 2549 πρδςη)

153 2560 308 2637 ἀνατολάς
324 2561 504 2643 θυμιάσας,
534 2565 637 2649 θυμιᾷ
659 2561 781 2628 καὶτὸν
803 2565 1010 2650 πατριάρχην·
1029 2560 1240 2648 προσαγορεῦ-
1321 2630 1327 2643 ,

153 2684 211 2737 σας
227 2663 264 2727 δὲ
286 2654 414 2726 ιιδτόνὸ
438 2659 634 2749 πατριάρχης
648 2660 703 2728 καὶ
719 2666 773 2747 τῆς
795 2660 908 2754 χειρὸς
932 2663 1035 2745 αὐτοῦ
1054 2658 1161 2743 λαβών
1179 2656 1234 2723 τὸν
1249 2664 1268 2687 '

226 2814 248 2848 r.
272 2792 444 2918 dpoqdprov
462 2796 533 2847 coni.
562 2795 662 2865 lutpr.,
697 2794 745 2848 sed
763 2797 819 2853 at).
840 2800 869 2855 P.
883 2806 956 2852 recte
972 2798 1046 2851 nihil
1072 2792 1236 2847 mutandum

224 2864 300 2918 dieit'
335 2866 370 2917 vi

393 2866 535 2935 .Ducang.
553 2865 588 2919 ad
603 2864 763 2921 Alexiadem
774 2868 878 2938 quinq
990 2873 1015 2922 3.
1034 2867 1113 2934 λέγει
1140 2862 1237 2933 scripsi

221 2952 273 3005 pro
292 2935 396 3005 λέγειν.

153 3036 291 3100 rilrulum,
309 3036 418 3089 sinistra
436 3033 575 3091 humerale
591 3034 759 3105 patriarchae
778 3035 852 3108 quod
868 3035 985 3098 dieitur,
1003 3038 1132 3091 accedens
1150 3039 1238 3105 impe·

152 3116 270 3159 ratorem
295 3106 373 3159 thure
391 3116 509 3175 vaporat
546 3107 608 3177 Quo
627 3114 707 3175 caput
725 3106 885 3170 inclinante,
905 3108 1036 3159 diaoouua
1050 3109 1157 3160 sublata
1171 3121 1238 3156 voce

152 3178 261 3247 inquit,
288 3178 392 3229 Memor
419 3176 598 3230 sitdominus
623 3178 696 3229 Deus
715 3179 853 3246 potentiae
874 3179 983 3247 imperii
998 3178 1080 3229 vestri
1104 3180 1135 3229 in
1152 3191 1235 3244 regno

152 3264 201 3311 eqo
213 3248 330 3316 ubique,
347 3262 419 3299 nune
438 3255 466 3299 et
475 3264 580 3317 semper
591 3256 619 3298 et
632 3248 660 3299 iu
679 3249 786 3299 saecula
806 3250 989 3313 saeculorum3
1007 3246 1124 3299 addenar
1142 3247 1237 3298 Amen.

152 3318 294 3387 Deinceps
313 3325 345 3372 et'
362 3318 461 3386 reliqui
483 3316 637 3368 diaconiae
658 3319 809 3371 sacerdotes
835 3318 980 3379 adeuntes,
1016 3318 1090 3369 idem
1115 3330 1238 3383 eompre-

154 3398 258 3439 cantur.
295 3386 352 3438 Hoc
371 3388 500 3454 perfeeto,
523 3389 669 3456 imperator
688 3406 778 3440 terreus
796 3387 912 3439 salutato
931 3387 1093 3455 patriarcha,
1110 3385 1238 3456 penulam

154 3456 279 3525 deponit,
303 3472 382 3527 quam
401 3473 450 3524 pro
470 3456 665 3510 consuetudine
686 3460 816 3511 eccleciae
836 3456 1032 3509 referendarius
1051 3458 1154 3521 παίετε,
1186 3452 1237 3506 de-

152 3544 265 3596 nuoque
285 3524 459 3577 anabathram
478 3526 639 3589 ascendens,
670 3528 701 3579 iu
718 3526 817 3580 throno
838 3526 970 3589 considit,
996 3526 1048 3577 sub
1064 3525 1186 3594 symbolo
1204 3524 1239 3576 fi-

154 3596 218 3659 dei,
248 3597 372 3648 oratione
397 3596 531 3647 dominica
549 3603 577 3647 et
594 3596 746 3649 elevatione
765 3597 895 3649 dominici
922 3604 951 3647 et
966 3597 1034 3657 sacri
1052 3598 1170 3665 eorporis
1187 3599 1239 3647 ex-¹

155 3683 276 3735 surgens.
320 3666 401 3718 Facta
430 3666 595 3727 elevatione,
622 3668 770 3735 imperator
793 3668 816 3719 si
841 3666 875 3719 ad
898 3682 997 3717 sacrum
1019 3668 1238 3718 communionem

154 3746 266 3805 paratur
281 3752 336 3787 nou
356 3744 406 3797 est,
425 3748 511 3805 nsque
529 3732 661 3786 adfinem
680 3754 769 3789 sacrae
787 3738 965 3804 mystagogiae
983 3737 1012 3787 in
1030 3734 1128 3788 throno
1146 3735 1240 3799 aedet3

154 3807 179 3860 si
198 3812 320 3875 paratus,
339 3808 480 3857 venientes
499 3803 607 3855 diaconi
627 3822 686 3855 oum
705 3824 795 3859 rursus
813 3814 967 3858 accersunt:
1006 3805 1166 3877 quibuscum
1183 3812 1241 3855 sta-

156 3876 206 3927 tim
226 3878 255 3927 in
279 3876 359 3941 adyta
378 3873 544 3946 ingreditur,
575 3873 730 3944 traditoque
757 3877 812 3928 ribi
836 3874 1005 3939 thuribulo,
1024 3893 1114 3927 sacrae
1131 3889 1240 3926 mensae

156 3946 279 3998 suffitum
299 3946 379 4007 facit,
403 3947 519 4014 primum
540 3946 650 4013 quidem
668 3944 703 3996 ud
722 3947 864 4006 orientem,
881 3954 938 3997 tum
956 3947 991 3996 ad
1008 3946 1239 4013 septemtrionem,

91 4072 95 4079 .
155 4022 219 4083 port
244 4012 280 4065 ad
301 4015 487 4077 occidentem,
516 4021 544 4065 et
562 4014 671 4067 tandem
698 4015 733 4067 ad
750 4014 892 4067 meridiem
911 4017 1068 4084 respiciens.
1114 4016 1240 4083 Dumque

157 4084 255 4135 iterum
276 4082 310 4135 ad
334 4086 466 4137 orientem
485 4082 572 4136 thuris
590 4084 692 4136 sumum
709 4086 821 4154 spargit,
841 4086 871 4135 in
888 4085 977 4155 ipsum
997 4101 1108 4155 qnoque
1143 4084 1241 4135 emiar-

157 4152 233 4209 thaur
249 4152 280 4205 id
301 4152 385 4221 [τοίας
423 4153 452 4204 ni
472 4155 660 4221 imperatorem
679 4156 799 4207 salutans
817 4152 907 4225 deque
935 4157 994 4207 eius
1010 4171 1093 4205 manu
1110 4102 1239 4206 tduribu·

155 4220 210 4277 lum
229 4224 357 4293 capiens,
387 4173 466 4278 illum
482 4222 599 4277 eleusim
619 4226 711 4279 suffitu
732 4223 856 4279 honoret.
892 4219 1239 4279 maurecenorum
