3025 4900
448 327 732 392 msroumruu
762 331 788 392 1.
818 328 870 398 ao.
1118 303 1200 387 225

119 477 256 554 άνιιιτοῦς
283 471 370 562 άλγῶ
380 521 391 543 .
432 477 487 544 διά
505 479 672 545 τοῦτοκαὶ
688 477 833 563 δεόμενος
849 480 906 566 τῆς
935 480 1024 563 ῦμάν
1039 480 1270 566 dyademate.
1281 495 1345 569 on

117 577 247 665 γράφω,
277 576 340 660 εἴγε
356 578 415 642 τοῦ
431 579 510 642 θεοῦ
530 581 597 642 ἕστε
613 577 723 660 ῦμεῖς,
754 578 934 669 σπουδάσω
948 579 1027 666 ὑπὲρ
1046 584 1104 665 τῆς
1118 578 1228 666 stoi-r

117 702 170 762 γης
193 679 249 742 κατ’
267 673 313 760 μὴ
338 678 489 760 περιϊδεῖν
509 676 593 759 ἡμᾶς
610 685 674 753 τοῖς
696 675 870 763 ὁμοφύλοις
894 681 1008 758 αἵμασι
1023 702 1201 762 ναταχρανι

116 777 249 857 θέντας,
278 773 348 837 ἄλλ’
362 766 384 857 ἢ
399 781 503 838 πεῖσαι
526 776 659 854 βασιλέα
675 771 751 855 πρὸς
766 771 852 855 ῦμάς
869 777 925 856 ἐμὲ
939 771 1101 858 γενόμενον
1121 776 1200 862 ῦπέρ

99 863 160 946 fraiv
181 871 376 954 ἐγκαλοῦμαι
399 866 488 953 λόγον
512 869 678 953 ὑποσχεῖν,
699 865 719 954 ἢ
738 874 878 936 ἐνταῦθα
898 875 1071 955 γενομένων
1095 873 1199 956 ῦμοῦν,

115 969 194 1055 ὑπὲρ
217 973 281 1034 cuir
307 966 385 1033 ἴσων
406 965 463 1051 τὴν
484 963 653 1052 άπολογάιν
672 972 821 1034 etam
864 973 1007 1036 Τοσαῦτα
1028 973 1088 1054 μὲν
1107 977 1200 1054 βασι-

116 1065 189 1143 λεῦς
212 1065 230 1130 ὅ
259 1068 329 1141 νέος
352 1066 550 1151 πατριάρχου
570 1067 625 1132 καὶ
646 1071 708 1134 adv
738 1061 842 1132 citime
863 1067 1007 1150 δεόμενος
1025 1069 1200 1155 ἀρχιερέων

115 1161 254 1248 ἔγραψεν
277 1161 355 1249 ῦπὲρ
367 1166 421 1248 τῆς
442 1161 575 1250 εἰρήνης,
594 1161 618 1230 ά
634 1169 690 1230 κατ’
706 1168 813 1252 φέρων
831 1166 849 1230 o‘
869 1166 1072 1252 διακομιστὴς
1084 1169 1200 1248 ἐνεχεί-

117 1285 184 1348 ρισε
200 1265 247 1351 τῷ
260 1260 463 1349 πατριάρχῃ.
483 1267 538 1327 καί
556 1264 619 1340 τῶν
634 1257 811 1350 άρχιερέων
826 1263 1103 1351 συνεάριαζόντων,
1123 1261 1201 1331 ἀνα-

77 1363 317 1444 ισγνωσθέντων
340 1361 375 1424 di
397 1363 458 1424 τιῦν
482 1359 690 1445 γραμμάτων,
722 1359 766 1438 ὥς
782 1362 884 1428 ἐδόκει
904 1363 925 1448 ἦ
945 1363 1074 1442 άξάωσις
1094 1366 1199 1428 δικαία

112 1461 169 1524 τοῦ
186 1461 259 1524 νέου
272 1461 443 1540 βασιλέως,
463 1457 576 1535 πάντες
597 1457 697 1538 εάθῦς
711 1458 791 1545 πρὸς
804 1465 938 1543 βμσιλέα
955 1460 1008 1528 τὸν
1026 1460 1228 1547 προσθέντι-0

114 1579 171 1641 ρον
194 1551 341 1631 ἐλθόντες
348 1605 359 1635 ,
388 1553 427 1619 τά
451 1578 486 1618 τε
510 1552 677 1642 γράμματα
706 1557 888 1624 ἐθεάινυσαν
916 1560 978 1623 τοῦ
994 1559 1122 1643 έγγάνου
1144 1563 1201 1624 καῖ

114 1651 306 1738 συνηγόρουν
321 1652 405 1740 edrai
421 1652 465 1728 ὥς
480 1652 586 1720 δίκαιοι
605 1647 752 1733 ἇξιοῦντι.
773 1659 829 1720 καὶ
846 1651 924 1721 αῦτό
942 1649 1000 1742 γάρ
1019 1655 1143 1743 ἔφασαν
1159 1640 1195 1723 τά

113 1756 187 1837 περὶ
207 1750 350 1816 πλείστου
375 1758 535 1818 ποιεῖσθαι
567 1745 704 1837 ἢοῦτὸν
727 1756 869 1820 ἐνταῦθα
896 1753 1030 1819 ἐλθόντα
1054 1756 1136 1842 άπὲρ
1151 1748 1197 1822 οῦν

76 1852 291 1935 ιόέγναλεῖται
305 1854 454 1936 παρέχειν
472 1853 592 1918 ἐθέλειν
609 1847 766 1934 εῦθῦνας,
799 1846 821 1936 ἢ
841 1857 899 1918 τοῦ
917 1852 1113 1939 πατριάρχου
1133 1857 1202 1919 ἐκεῖ

113 1950 278 2032 γενομένου
301 1946 336 2013 τὸ
350 1944 437 2014 αὐτὸ
462 1959 577 2031 ποιεῖν,
605 1950 772 2034 τεκμήριον
801 1943 841 2016 aiv
863 1949 912 2036 εἴη
933 1955 1080 2035 μέγιστον
1104 1947 1198 2036 ἢτοῦ

114 2048 212 2130 μηδὲν
227 2042 458 2131 ἡμαρτηκέναι,
490 2039 511 2130 ἢ
531 2048 561 2112 εἰ
574 2046 629 2112 καὶ
643 2045 773 2133 ἥμαρτε,
793 2050 853 2114 τοῦ
869 2047 1042 2132 βούλεσθαι
1056 2041 1097 2112 ὀῦν
1113 2052 1199 2134 διορ-

114 2145 277 2226 θωθῆναι.
305 2143 416 2208 τοῦτου
438 2146 473 2209 δὲ
497 2141 597 2222 οῦτως
617 2146 650 2222 ἐξ
672 2141 775 2211 αῦτοῦν
795 2144 986 2232 πραγμάτων
1014 2141 1198 2211 άποδεικνυ-

114 2243 231 2323 μένου,
263 2239 383 2306 δίκαιον
406 2234 446 2306 άν
465 2240 513 2326 εἴη
530 2242 586 2307 καὶ
603 2237 670 2325 άμα
694 2247 853 2319 λυσιτελὲς
865 2247 921 2308 κατ’
939 2239 1128 2326 άναγκαῖον,
1162 2246 1198 2310 ἓν

74 2336 172 2413 noddo
187 2343 250 2404 τοῦν
271 2341 468 2424 ζητουμένων
485 2342 632 2423 γενέσθαι
655 2339 810 2428 θάτερον.
843 2337 927 2429 δρῦν
946 2335 1006 2429 οῦν
1028 2341 1083 2407 κατ’
1103 2339 1119 2406 ὅ
1137 2347 1197 2425 βα-

112 2436 220 2515 σιλεῦς
247 2437 333 2519 τά,τε
360 2433 583 2525 άναντάρῥητον
606 2443 659 2526 τῆς
694 2434 851 2518 άξιάσεως
866 2439 920 2507 καὶ
935 2439 994 2527 τὴν
1007 2443 1063 2530 τοῦ
1083 2468 1197 2527 πατρι-

112 2533 218 2621 άρχου
245 2539 299 2601 κατ’
323 2539 385 2602 τῶν
414 2531 587 2623 ἀρχιερέων
606 2536 685 2625 πρὸς
702 2541 791 2604 τοῦτο
811 2539 968 2625 σπουδὴν,
997 2537 1109 2622 τὸμὲν
1130 2537 1218 2606 vivo

112 2636 183 2699 νέον
198 2638 331 2717 βασιλέα
345 2635 424 2722 πρὸς
442 2636 555 2701 ἐκεῖνον
583 2632 669 2721 ἥκειν
712 2633 926 2723 ἀπηγόρευεν,
961 2633 1066 2723 ὥσπερ
1084 2636 1140 2701 καὶ
1155 2634 1192 2701 τά

113 2733 166 2801 τὸν
185 2732 381 2819 πατριάρχην
398 2738 465 2800 ἐκεῖ
475 2738 640 2817 γενέσθαι,
655 2732 760 2801 οῦδὲν
776 2731 858 2801 εἶναι
872 2730 1032 2824 προῦργου
1053 2733 1193 2821 φάμενος

75 2830 275 2919 οὸὶνάτερον·
302 2835 447 2901 ἐπένευσε
469 2836 503 2902 δὲ
518 2836 579 2901 τῦν
595 2834 631 2899 τε
645 2827 819 2922 άρχιερέων
834 2834 889 2901 καὶ
910 2836 973 2901 τῶν
987 2838 1043 2919 τῆς
1059 2830 1193 2917 συγκλή-

185 2953 210 3022 4,
246 2952 320 3025 άπὲρ
338 2971 403 3007 corr.
422 2970 471 3023 pro
491 2942 559 3008 dud.

116 3040 203 3103 dcam,
226 3056 310 3109 angor
324 3040 569 3093 vehementissime.
591 3040 724 3111 Quocirca
736 3038 771 3093 ad
787 3040 957 3093 sanctitatem
970 3047 1086 3092 reatram
1102 3037 1190 3089 acribo
1260 3084 1266 3103 ,

116 3126 250 3181 rogoque,
269 3111 292 3163 οἱ
310 3126 342 3162 ex
362 3112 421 3162 Deo
446 3112 526 3175 ertia,
554 3117 585 3164 ut
609 3113 671 3181 paci
694 3110 919 3180 redintegrandae
944 3109 1049 3161 navetia
1071 3123 1190 3175 operam.

114 3179 157 3233 Ne
174 3182 326 3250 permittite
351 3198 400 3232 noa
423 3190 596 3249 cognatorum
616 3182 746 3250 anaguine
768 3181 910 3247 maculari3
938 3178 985 3231 aed
1004 3178 1191 3245 imperatorem

117 3266 150 3302 eo
168 3259 343 3318 permeate,
365 3258 396 3301 ut
414 3259 461 3302 aut
478 3266 520 3302 me
542 3252 608 3302 illue
631 3250 666 3305 ad
684 3266 730 3302 νοι
748 3252 882 3319 proficiaci
908 3258 937 3302 ct
952 3266 1002 3319 pro
1020 3265 1063 3299 me
1083 3263 1190 3298 caueam

116 3336 207 3382 orare,
227 3328 288 3383 aut,
307 3319 384 3372 rubia
403 3320 456 3372 hue
472 3320 610 3389 prosectis,
629 3320 759 3389 idipsum
776 3319 823 3373 hic
842 3321 928 3371 faeere
948 3318 1119 3371 concedatur.
1146 3317 1191 3369 Sic

115 3388 298 3459 patriarcham
322 3398 351 3442 ct
374 3392 517 3458 pontificca
544 3406 592 3458 per
610 3391 752 3458 cpiatolam
775 3388 809 3442 de
826 3406 893 3457 pace
915 3388 1064 3441 obtestatur
1083 3394 1125 3437 est
1143 3390 1189 3438 iu-

114 3460 178 3511 nior
193 3460 346 3527 impcrator.
383 3459 479 3533 Quaa
503 3458 646 3512 tabellario
672 3459 843 3530 patriarchae
864 3461 895 3511 in
918 3475 1013 3509 manua
1039 3454 1143 3508 reddita
1163 3464 1192 3507 et

115 3529 147 3580 in
172 3544 299 3580 concerto
317 3530 504 3600 epiecoporum
524 3530 650 3592 recitata,
676 3538 707 3581 ut
724 3532 781 3582 rica
800 3538 842 3582 eat
858 3542 946 3600 aequa
964 3528 1080 3596 petitio,
1099 3544 1191 3578 omnen

114 3598 243 3669 protinus
262 3598 298 3651 ad
317 3601 451 3652 aeniorem
468 3598 586 3662 adeunt,
605 3614 662 3651 eam
678 3606 837 3659 ¹monstrant
862 3607 891 3650 et
916 3604 947 3648 ut
968 3598 1040 3648 iusta
1067 3597 1191 3663 cnpieuti

115 3670 304 3737 suffragantur.
341 3668 409 3719 Nam
426 3666 479 3721 hoc
496 3670 584 3737 iprum
604 3668 714 3721 aiebant
733 3670 913 3721 firmiaaimum
930 3674 1122 3737 argumentum,
1143 3674 1192 3718 aut

114 3737 190 3789 nihil
211 3754 274 3789 eum
297 3737 460 3809 deliquirae,
489 3747 549 3801 aut,
581 3738 605 3791 ri
631 3738 697 3809 quid
715 3738 881 3809 deliquerit,
904 3734 935 3787 id
951 3736 1022 3788 veile
1049 3738 1191 3805 corrigere,

116 3806 242 3877 quadiu
261 3807 394 3861 beneficia
413 3816 581 3873 numeraret,
599 3808 623 3859 ai
647 3816 695 3859 aut
717 3806 765 3859 hic
787 3816 835 3859 aut
853 3806 913 3865 ihi,
936 3806 1099 3873 patriarcha'
1110 3822 1192 3874 prae-

115 3884 213 3939 aentc,
237 3886 328 3946 porcat
351 3880 483 3933 intentata
504 3877 559 3929 nihi
583 3878 683 3930 scelera
707 3877 855 3945 depellere.
891 3874 1028 3945 Quoniam
1048 3878 1130 3943 igitur
1148 3892 1191 3927 rea

114 3948 125 3998 i
194 3946 339 4012 clamaret,
356 3948 457 4001 turtum
474 3948 576 4017 pariter
593 3955 621 3999 et
638 3946 706 3998 utile
723 3963 754 3997 ac
770 3948 955 3997 necessarium·
965 3945 1019 3998 aihi
1036 3945 1137 4007 videri,
1156 3962 1191 3998 ex

114 3964 236 4078 «hithuu,
260 4033 329 4088 quae
355 4018 585 4080 desiderarentur,
611 4017 725 4069 alterum
745 4014 866 4069 concedi.
892 4018 1039 4137 Ῑιοροειιοι
1060 4015 1192 4083 postulati

113 4087 308 4139 neccaritatem
333 4094 361 4139 ct
377 4087 544 4158 patriarchae
568 4090 810 4158 epiecoporumque
829 4086 860 4137 in
881 4102 913 4138 eo
954 4084 1053 4154 rgendo
1071 4084 1193 4135 studium

113 4156 302 4226 perepicicna‚
315 4166 443 4226 nepotem
460 4156 570 4229 quidem
589 4154 623 4209 ad
640 4174 669 4209 ae
686 4158 779 4212 venire
797 4162 845 4206 aut
860 4154 1041 4224 patriarcham
1059 4152 1095 4204 ad
1112 4153 1217 4203 illum'

115 4224 194 4279 ohtre
209 4227 311 4279 vetuit:
326 4236 454 4283 nentrum
463 4228 536 4283 enim
546 4244 604 4281 erae
618 4227 853 4299 operaepretium,
867 4225 916 4279 red
927 4232 959 4277 ut
971 4241 1005 4276 ex
1021 4222 1155 4293 episcopia
1164 4226 1194 4271 et

189 4310 410 4369 camoenam.
967 4308 998 4364 15
