3025 4900
483 283 765 349 rrrsronrtnorr
792 289 816 349 r.
837 290 889 358 τε.
1155 261 1236 347 {25

156 432 283 502 δικαίου
321 436 512 520 τιεριάτμεταιι
531 441 809 530 στρατευομένους.
849 427 941 524 ἡμῶν
963 440 1066 506 τοίνυν
1093 438 1305 508 trinovae.
1319 446 1380 501 ¹³²¹

155 535 237 619 sindo
259 536 319 598 σοῦ
341 530 401 600 κάν
423 536 478 622 ἐξῇ
496 535 643 612 πολλάκις
659 532 833 602 άπώανεΐν
853 534 986 620 ἑτοίμων
1002 531 1111 620 ὄντων,
1127 541 1239 625 μηκέτι

155 637 323 714 μέλλωμεν
334 634 419 717 μηδ’
451 635 706 717 άναβαλλάμεθοι
720 633 774 700 τὸν
798 633 917 722 καιρὸν,
936 631 1006 702 ἀλλ’
1024 637 1172 718 ἐχώμεθα
1184 633 1239 721 ἔρ·

154 753 215 814 γοα
233 734 303 818 θεῷ
322 729 549 817 θαρροῦντες.”
596 732 651 798 snt
673 733 798 808 τούτοις
823 729 840 796 δ
862 731 1011 817 βασιλεδς
1038 735 1093 819 τῆς
1115 729 1258 825 εὐνοίας

136 831 248 905 siresa
270 831 393 914 καὶτῆς
405 832 588 915 προθυμίας
607 833 664 915 τῆς
682 833 728 909 είς
751 829 851 897 αὐτὸν
871 831 910 896 τά
930 831 1034 897 εἰκότα
1049 833 1239 920 εὖχαριστὴ-
1299 832 1303 838 ’

156 953 234 1008 σας,
254 925 310 993 τὸν
327 929 388 1009 μέν
401 926 503 994 κοινὸν
522 931 647 996 διέλυσε
661 927 825 1014 σάλλογον,
845 932 911 1020 ίδίρι
931 933 967 994 δ’
985 927 1051 1012 άμα
1068 931 1238 1020 δομεστίκιρ

156 1029 201 1115 τῷ
215 1028 343 1115 μεγάλην
359 1023 415 1091 καί
425 1027 683 1114 πρωτοστράτορι
697 1027 944 1112 βουλευσάμενοι
961 1031 1034 1116 περί
1047 1033 1111 1095 τῶν
1122 1029 1239 1110 αὐτῶν,

158 1125 230 1190 ἐπεὶ
243 1124 300 1190 καί
321 1126 433 1201 αὐτοῖς
452 1123 556 1192 ἐδόκει
585 1128 688 1204 καλῶς
710 1125 796 1222 ἔχειν
811 1126 852 1191 τά
875 1129 1023 1214 εἰρημένοι
1038 1126 1093 1192 καί
1109 1123 1238 1199 ου’δενδς

158 1227 260 1290 ἐνδεῖν
279 1221 344 1306 ἔτι,
371 1225 607 1310 έπεψηφισαντο
623 1229 680 1290 καί
700 1220 804 1290 αάτοί.
826 1226 871 1302 εἰς
894 1224 952 1310 την
966 1227 1137 1312 ὑστεραίαν
1157 1227 1193 1291 δὲ
1217 1223 1313 1298 sitm

124 1327 219 1405 ιομέν
247 1325 500 1409 πρωτοστράτωρ
522 1320 602 1409 πρὸς
625 1321 682 1408 τὴν
703 1324 874 1410 Ἀδριανοῦ
892 1323 984 1390 πόλιν
1007 1322 1138 1410 ε’χοάρει,
1158 1317 1237 1390 ”Ar-

158 1445 218 1486 ναν
247 1417 308 1504 τὴν
322 1421 422 1485 edroi
433 1423 596 1506 θυγατέρα
613 1424 657 1509 τῷ
678 1415 795 1510 Ἀσάκη
817 1420 977 1507 Μανοοὴλ
991 1425 1046 1507 τῆς
1061 1425 1121 1486 τοῦ
1137 1422 1236 1507 μεγά-

159 1525 216 1583 λου
232 1521 417 1598 δομεστύιοο
435 1521 567 1604 γαμετῆς
586 1519 714 1608 ἀδελφῷ
730 1517 811 1604 πρὸς
827 1520 930 1604 γάμου
943 1519 1108 1604 συνάψων.

238 1619 287 1688 κέ.
324 1617 482 1696 Βασιλεὺς
500 1620 536 1683 δέ
559 1618 634 1704 πρὸς
657 1619 715 1704 τὴν
728 1617 928 1705 ἐκστρατείαν
941 1616 1237 1706 παρασκευάζεσθαι

159 1717 370 1801 παραγηειλας
384 1713 443 1801 τὴν
458 1715 624 1802 στρατιάν,
643 1717 831 1800 ἡτοιμάζετο
847 1720 903 1782 καί
921 1718 1035 1792 αὐτός.
1052 1715 1091 1783 τά
1105 1741 1139 1782 τε
1156 1712 1237 1783 ἄλλα

125 1806 247 1888 fitted
267 1814 401 1894 θέμενος
415 1817 471 1878 καί
484 1815 518 1878 έν
542 1815 585 1900 τῷ
603 1813 823 1903 Διδυμοτείχςο
846 1814 904 1901 τήν
921 1839 956 1880 τε
975 1813 1112 1898 γαμετήν
1135 1811 1238 1882 adsoni
1343 1821 1350 1840 “

158 1915 213 1976 καί
226 1908 546 1994 τηνΠαλαιολογίναν
563 1910 749 1999 Θεοδάραν,
771 1910 828 1997 τήν
846 1912 948 1978 atron*
962 1917 1022 1994 μὲν
1035 1915 1146 1996 meos,
1173 1935 1262 1998 μη··ιι

156 2013 235 2095 τέρα
253 2012 291 2074 δέ
312 2012 369 2072 rosi
386 2008 523 2094 μεγάλου
540 2012 737 2095 δομτστάιου,
752 2013 825 2079 tisri
842 2015 987 2100 φρουράς
1001 2009 1125 2097 άπάσης
1140 2037 1238 2078 κατα·

157 2107 267 2189 λαιάν,
290 2101 345 2194 (ἦν
357 2105 417 2194 γάρ
433 2107 473 2192 δὴ
488 2107 544 2173 κατ’
555 2107 632 2196 πρὸς
644 2112 797 2195 διοίκησιν
813 2111 961 2197 ἔμπειρος
979 2111 1145 2176 πολιτικῶν
1156 2134 1237 2196 πρα-

156 2207 301 2289 ymber,
322 2208 377 2271 καί
393 2207 573 2293 φρονήσεως
592 2203 901 2296 έρρωμενεστέραςῆ
922 2206 999 2275 κατά
1014 2209 1111 2296 φάσιν
1127 2232 1238 2293 γυναι-

124 2303 246 2372 οοτείαν
260 2306 428 2391 τυχοῦσα)
448 2307 504 2370 καί
524 2309 604 2371 πάσι
618 2316 684 2384 τοῖς
699 2305 821 2372 πόλεων
837 2299 975 2394 άρχουσι
995 2309 1053 2372 καί
1067 2308 1239 2391 διοικηταῖς

158 2403 221 2469 τῶν
236 2398 432 2487 πραςιμάτιον
450 2403 532 2491 αὐτῇ
550 2407 718 2471 πειδεσδοιι
748 2407 813 2473 πᾶν
841 2401 889 2471 ὅτι
909 2397 950 2472 siv
966 2404 1076 2495 κελεάη
1098 2405 1312 2493 noceret-vot

159 2503 214 2577 ξας
253 2502 311 2565 καί
331 2502 393 2565 τῶν
409 2500 484 2588 περί
496 2502 600 2568 αὐτῶν
620 2503 798 2589 φροντιδων
818 2503 980 2581 άπολάσας
1003 2499 1117 2570 ἑαυτὸν
1123 2554 1134 2585 ,
1170 2506 1240 2569 dues*

158 2603 212 2665 καί
242 2601 265 2685 ἦ
287 2598 422 2685 στρατιά
437 2599 568 2687 ἡμέραις
590 2600 671 2668 darei
697 2601 932 2690 παρεσκεύαστο
951 2596 996 2669 οἷν
1011 2604 1128 2683 ἐδεῖτο,
1158 2592 1238 2687 ripae

158 2702 291 2779 ἐκεῖθεν,
307 2692 405 2783 ἦλθεν
417 2693 495 2785 άχρι
516 2699 740 2787 Τζουρουλάης.
761 2701 1104 2790 στρατοπεδευσάμενος
1121 2702 1143 2765 δ
1148 2704 1159 2730 ’
1175 2701 1244 2765 διιεῖ
1344 2717 1345 2723 ’

226 2840 270 2909 24.
287 2842 421 2905 Zonsrae,
436 2840 567 2906 Nicctae,
585 2848 617 2895 ut
634 2843 668 2895 ai.
689 2836 864 2913 ἵζουρουλδς
881 2838 990 2897 dicitnr.
1006 2840 1069 2901 ΕΙ).
1088 2842 1122 2897 P.

160 2980 252 3049 iisqne
265 2978 347 3031 nobis
360 2978 486 3032 omnihus
504 2995 553 3048 pro
568 2988 612 3044 te,
632 2980 655 3031 si
669 2978 729 3030 fleri
743 2978 847 3047 possit,
869 2980 951 3030 etiam
969 2978 1075 3045 saepius
1096 2977 1165 3028 mori
1180 2994 1236 3031 non

159 3050 329 3112 rectissimis,
347 3065 383 3101 ne
396 3058 552 3102 cunctemur
562 3050 675 3112 diutius,
692 3065 748 3101 neu
761 3056 867 3117 tempus
881 3056 1010 3110 teramus,
1028 3045 1076 3098 red
1091 3047 1149 3097 Deo
1167 3048 1237 3109 nixi,

159 3136 213 3171 scm
234 3118 430 3189 aggrediamur.
472 3120 620 3189 Imperator
637 3118 672 3171 de
694 3127 749 3171 tam
771 3117 912 3170 benevolis
936 3118 1034 3169 animis
1061 3123 1090 3168 et
1116 3117 1236 3169 incitatis

160 3188 272 3251 stadiis,
295 3198 327 3241 ot
342 3188 472 3252 decebat,
495 3191 593 3259 gratias
617 3190 673 3259 egit
692 3189 906 3259 concionemque
924 3186 1041 3240 dimisit:
1066 3203 1097 3238 ac
1116 3201 1237 3239 seorsum

159 3274 217 3310 corn
232 3274 331 3327 magno
351 3258 497 3312 domestico
515 3269 546 3313 et
558 3266 753 3329 protostratore
771 3259 869 3311 collata
885 3258 1032 3320 sententia,
1050 3272 1110 3307 cum
1127 3264 1157 3308 et
1168 3256 1236 3323 ipsis

159 3330 242 3380 oratio
268 3329 389 3385 mitium
404 3330 550 3399 placuisset
571 3328 697 3401 nihilque
723 3328 871 3382 desiderari
895 3327 1049 3389 videretur,
1085 3340 1145 3377 eam
1167 3342 1234 3377 con-

157 3397 303 3451 firmarunt.
338 3399 391 3451 Dic
412 3400 538 3469 sequenti
554 3406 731 3470 protostrator
747 3397 945 3468 Adrianopolin
962 3397 1059 3466 petiit,
1077 3395 1181 3447 Annam
1199 3396 1233 3447 ii-

158 3467 221 3518 liam
237 3484 301 3519 com
315 3468 443 3523 ManueIe
454 3468 555 3533 Arane,
571 3470 652 3522 tratre
669 3470 760 3523 uxoris
773 3469 863 3539 magni
880 3465 1031 3529 domestici,
1045 3466 1149 3535 nuptiis
1165 3482 1233 3518 con·

162 3537 312 3594 iuncturus.
562 3590 566 3595 ,

226 3608 269 3660 25.
287 3608 444 3675 Imperator,
461 3608 541 3660 iussis
557 3607 700 3667 militibus¹
710 3606 745 3659 ad
763 3606 964 3689 expeditionem
981 3622 1010 3658 se
1027 3620 1130 3675 parare,
1147 3612 1234 3659 semet

160 3694 268 3747 qnoque
286 3676 321 3727 ad
339 3694 398 3728 cam
416 3678 603 3747 comparabat,
629 3688 686 3731 tum
704 3678 818 3748 reliquis
836 3686 908 3729 recte
927 3676 1100 3745 compositis,
1127 3682 1184 3726 tum
1201 3676 1233 3727 in

160 3746 260 3815 oppido
278 3745 470 3813 Didymoticho
488 3750 601 3816 coniuge
619 3754 712 3799 suaet
730 3746 876 3801 Theodora
891 3746 1087 3816 Palaeologina,
1104 3761 1152 3796 sus
1169 3746 1233 3815 qui-

162 3814 220 3867 de'ns
236 3826 364 3887 cognata,
390 3820 479 3887 magni
507 3828 598 3871 autem
616 3816 757 3871 domestici
777 3825 879 3878 matre,
907 3816 967 3868 loco
990 3817 1078 3869 omnis
1102 3814 1233 3883 praesidii

163 3903 190 3936 sc
206 3887 310 3939 tutelae
328 3886 439 3939 relictis.
479 3888 547 3943 Erat
563 3886 699 3957 siquidem
721 3886 810 3955 perita
833 3886 1019 3956 Palaoologina
1044 3883 1234 3955 gubernandae

160 3955 324 4023 reipublicae
347 3965 376 4009 et
401 3958 532 4011 solidiore
559 3957 717 4028 prudentia,
749 3974 829 4027 quam
846 3956 925 4011 cadat
947 3958 977 4009 in
994 3964 1117 4008 naturam
1134 3954 1234 4007 mulie-

159 4022 240 4077 brem.
275 4028 341 4078 Eius
358 4026 493 4080 mandatis
510 4028 645 4091 omnibus,
663 4033 692 4079 et
707 4025 816 4078 urbium
835 4028 1005 4097 magistratus
1022 4041 1126 4087 omnes,
1144 4032 1172 4077 et
1188 4040 1232 4075 re-

160 4110 215 4144 rum
229 4094 461 4149 administratores
477 4106 605 4167 parerent
622 4115 683 4149 curn
702 4094 845 4163 edixisset,
870 4104 899 4149 et
915 4114 943 4150 sc
959 4098 1029 4150 curis
1050 4099 1232 4157 exonerasset,

160 4174 350 4238 praetereaque
368 4168 503 4223 exercitus
519 4184 570 4241 per
599 4166 740 4222 octiduum
766 4167 846 4222 rebus
865 4166 1024 4223 necessariis
1043 4182 1071 4221 se
1090 4162 1233 4219 instruxis-
