3025 4900
304 342 363 426 66
700 371 1013 436 osuunouznur
1047 339 1051 352 '
1152 451 1157 460 .

145 541 177 595 Α.
186 536 412 619 (3.18λ1χωριῦ·
425 532 496 598 ἀλλ’
506 531 671 616 εἰμὲνκαό
681 527 779 610 αάθις
788 534 919 620 γένοιτο,
941 539 1020 600 θεοῦ
1033 537 1184 620 διδόντος,
1206 537 1351 622 ἀλλήλοις
1365 561 1403 604 τε

303 635 516 720 συγγενέσθαι
531 635 587 700 καὶ
599 632 656 719 τήν
666 634 816 720 ποθεινήν
839 634 983 722 ἀλλήλων
992 633 1069 718 ipae
1085 637 1176 718 ἰδεῖν,
1193 638 1280 726 αότῷ
1291 638 1401 725 χάρις·

303 735 334 800 εἰ
346 737 375 802 δ’
387 736 495 820 ἕτερόν
506 760 538 800 τι
548 735 695 801 δέδοκται
703 735 780 820 περὶ
795 733 895 831 ἡμῶν,
915 736 977 822 synt
989 739 1049 822 μὲν
1061 738 1247 823 ἀσπάζομαι
1260 737 1343 822 ὑμᾶς
1358 737 1403 804 τά

46 912 55 936 v
220 842 466 904 Ρ.44τελευταῖα
481 833 520 921 δή
533 837 644 901 ταῦτα·
659 833 751 921 ἀμεῖς
763 839 793 902 δ’
804 835 887 916 ἀξιοι
898 839 1016 925 φάνηιε
1029 838 1085 906 κατ’
1097 843 1152 923 τῆς
1167 838 1325 924 εὐγενείας
1334 839 1404 904 .καί

83 993 96 1014 ,
183 1023 185 1028 .
300 939 355 1020 τῆς
368 934 534 1020 ἀνδριόις.”
552 935 622 1001 Ἐπὶ
635 935 757 1014 τοῦτοις
781 935 972 1024 ἀμφοτέρων
988 937 1228 1024 ἀποκρίνασθαι
1246 937 1423 1023 cippum-5

300 1061 374 1115 νων,
406 1037 463 1101 τοῦ
482 1037 766 1122 πρωτοστράτορος
797 1037 1000 1128 ἐπισχόντος,
1031 1036 1049 1103 ό
1082 1040 1182 1126 μέγας
1215 1042 1403 1122 δομὲστικος

300 1136 375 1225 ἔφη·
400 1141 483 1224 ,τῶν
503 1140 636 1223 λογικοῦν
653 1137 833 1224 ἀνθριόπων
850 1138 932 1205 κατὰ
953 1143 1043 1205 τοῦτο
1059 1143 1121 1206 τοῦν
1140 1141 1263 1225 ἀλόγων
1280 1137 1403 1223 ἀπερε-

297 1239 433 1328 χόντων,
453 1235 501 1305 ότι
522 1237 603 1326 λόγφ
619 1237 782 1322 χριόμενον
802 1237 842 1304 τό
858 1242 968 1305 δέοντα
990 1237 1166 1326 αἱροῦνται,
1189 1239 1281 1306 οὐδὲν
1299 1237 1402 1324 ἀναγ-

299 1339 465 1425 καιότερον
486 1337 562 1405 οῦδὲ
578 1336 822 1424 ἀφελιμοότερον
842 1343 898 1406 τοῦ
922 1343 1034 1428 φιλίαν
1056 1337 1222 1424 αἱρεῖσθαι
1247 1337 1402 1425 ήγοῦμαι.

212 1440 405 1506 liturarios
426 1441 483 1506 καὶ
505 1437 610 1528 αάτός,
625 1432 662 1510 ,ἀ
674 1441 821 1520 βασιλεῦ,
843 1439 900 1524 τήν
918 1440 977 1525 σήν
994 1441 1106 1527 φιλίαν
1126 1417 1165 1507 aad
1179 1441 1295 1515 παιδός
1312 1436 1440 1526 pipp-10

297 1539 401 1622 μόνος,
425 1541 481 1605 καὶ
502 1539 548 1614 εἰς
569 1539 641 1605 τόδε
658 1540 780 1624 χρόνου
803 1541 997 1626 διατηρήσας
1016 1540 1241 1625 αὐξανομένην,
1260 1539 1316 1604 καί
1334 1540 1401 1622 με’-

295 1662 354 1726 χρι
375 1642 459 1723 ζωῆς
476 1639 562 1722 ἀρων
575 1637 740 1726 ἀκραιφνῆ
750 1640 807 1704 καὶ
823 1639 974 1725 καθαρὰν
989 1638 1109 1720 ἐλπίζω
1127 1641 1288 1726 φυλάξειν.
1310 1638 1401 1725 θάρ·

298 1763 349 1806 σει
371 1742 553 1825 τοιγαροῦν,
578 1733 606 1804 ἀ
626 1741 772 1820 βασιλεῦ,
795 1737 840 1816 ὥς
864 1737 901 1802 οά
922 1739 1076 1825 πρότερόν
1096 1763 1149 1806 σοι
1171 1741 1234 1804 τῶν
1256 1739 1400 1822 ἀβουλή-

295 1865 359 1907 των
379 1866 411 1909 τι
431 1838 634 1925 συναντήσει,
660 1841 738 1924 πρὶν
760 1841 816 1923 ἐμὲ
837 1847 947 1906 πεσεῖν
966 1844 1029 1906 τοῦν
1052 1840 1145 1906 ἰδόων
1168 1839 1311 1922 αἱμάτων
1336 1841 1400 1922 ἀμ·

265 1947 528 2033 Βπεπλησμόνον.
551 1938 677 2026 Σόμὲν
699 1935 754 2007 cdv
775 1939 854 2022 ἔχου
877 1944 934 2027 τῆς
955 1941 1163 2028 προκειμένης
1184 1939 1262 2004 ὁδοῦ
1273 1941 1314 2025 τῇ
1331 1953 1438 2010 ποι-15

296 2041 339 2129 ρά
350 2043 412 2109 τοῦ
427 2044 571 2128 σωτῆρος
583 2045 728 2129 Χριστοῦ
744 2043 800 2108 καί
820 2045 876 2127 τῆς
898 2039 994 2108 αάτόν
1014 2041 1171 2126 τεκοόσηξ
1179 2040 1327 2129 βοηθείᾳ,
1348 2038 1402 2108 ἔτι

183 2215 188 2222 ,
283 2144 332 2209 δὲ
350 2143 407 2207 aad
427 2149 497 2219 ταῖς
520 2143 631 2223 εάχαῖς
652 2144 709 2206 τοῦ
728 2140 791 2229 πρό
812 2145 931 2229 μικροῦ
945 2140 1037 2228 παρὰ
1057 2141 1216 2224 βασιλέως
1235 2139 1400 2204 ἀπεσταλ-

291 2245 390 2326 μένου
411 2245 656 2326 τετειχισμένος.
678 2242 771 2328 ἡμεῖς
787 2245 859 2310 δ’όν
873 2245 920 2330 τηῦ
937 2243 1078 2327 ὲξωτόρῳ
1099 2243 1164 2318 τοῦ,
1185 2241 1220 2306 ἐν
1242 2229 1270 2327 ᾦ
1288 2236 1309 2323 ή
1324 2238 1400 2323 δι’κη

291 2347 485 2428 γεννήσεται,
508 2348 665 2428 μενοῦμεν
680 2343 769 2432 οἴκῳ,
781 2343 847 2420 ιτόις
863 2342 977 2426 ψυχάς
995 2341 1077 2434 όπὲρ
1093 2345 1148 2424 τῆς
1162 2343 1221 2423 σῆς
1236 2337 1400 2426 ἀφελείας

293 2439 380 2520 ὄντες
400 2445 524 2527 ἕτοιμοι
545 2444 716 2529 προέσθαι,
737 2445 813 2528 βόας
826 2443 1056 2531 ἀπαγομένης.”
1072 2452 1138 2519 τοῖς
1151 2441 1257 2518 αάτοῖς
1276 2441 1310 2507 δὲ
1323 2439 1435 2511 τοῦ-20

289 2567 357 2622 τοις
373 2543 458 2611 said
474 2546 731 2631 πρωτοστράτωρ
746 2546 845 2611 εἰπών
864 2548 1047 2633 ἀρκεῖσθαι,
1071 2544 1219 2627 ἀλλήλοις
1234 2542 1396 2619 συνταξά-

291 2668 392 2728 μενοι,
421 2647 477 2711 καί
497 2644 606 2730 ἀσπερ
630 2648 900 2731 περιπτυξάμενοι
914 2652 1112 2731 τελευταῖον,
1134 2646 1181 2732 τῷ
1206 2645 1339 2729 σταυρῷ
1360 2666 1397 2706 τε

261 2747 545 2823 (λκαθοπλόσαντες
564 2741 707 2825 ἑαυτοὺς,
729 2748 875 2833 ἐχώρουν
895 2748 950 2813 ἐπὶ
969 2744 1026 2831 τήν
1048 2747 1149 2832 όιίιην,
1173 2742 1314 2829 ἀτρέπτῳ
1335 2742 1395 2808 κατ’

289 2847 441 2932 βεβηκότι
454 2848 516 2912 καί
537 2846 678 2932 σχήματι
700 2850 756 2913 κατ’
781 2848 974 2936 φρονήματι.
1033 2837 1037 2845 ’

288 3014 390 3080 gratias
407 3011 511 3063 numini
531 3010 728 3079 persolvamus.
756 3012 805 3065 Sin
819 3014 883 3082 quid
903 3013 977 3065 eliud
996 3012 1038 3065 illi
1061 3013 1095 3065 de
1109 3010 1188 3063 nobis
1202 3008 1394 3076 complacitum
1452 3041 1455 3051 »

288 3090 345 3135 est:
366 3097 418 3151 ego
438 3082 481 3136 his
502 3084 592 3136 verbis
610 3092 772 3152 postremum
794 3101 844 3137 vos
862 3084 990 3137 salutatos
1010 3084 1091 3137 uolo:
1113 3099 1162 3135 voe
1181 3088 1267 3133 autom
1285 3077 1394 3131 nobili-

287 3156 336 3205 tati
354 3155 502 3222 virtutique
525 3163 779 3223 vestraeparetote.
816 3156 858 3207 Ad
884 3158 932 3207 ista
953 3171 1013 3207 cum
1042 3162 1153 3223 uterque
1175 3152 1267 3204 dicere
1286 3150 1393 3218 aliquid

287 3233 460 3293 percuperet,
479 3234 673 3293 protostratore
686 3234 839 3292 cunctante,
858 3243 971 3296 mugnus
991 3227 1154 3278 domesticus
1174 3238 1268 3276 vocem
1282 3222 1309 3273 in
1323 3222 1393 3272 haec

287 3294 370 3348 verba
397 3296 526 3349 resolvit:
564 3295 630 3348 Cunr
656 3298 778 3349 homines
813 3297 1014 3366 intelligentiae
1048 3297 1213 3365 consiliique
1242 3293 1392 3361 participes

285 3365 340 3419 hoc
358 3367 442 3419 brutis
461 3368 639 3420 animantibus
652 3369 825 3433 antecellant,
844 3370 917 3437 quod
930 3384 982 3436 ope
1003 3376 1029 3421 et
1046 3368 1161 3435 impulsu
1182 3366 1293 3418 rationis
1314 3380 1392 3414 com·

285 3439 367 3491 modu
385 3442 539 3493 necessaria
563 3439 615 3491 sibi
639 3440 755 3510 eligunt,
784 3440 852 3491 uiliil
881 3456 932 3507 ego
956 3441 1124 3493 commodius
1151 3438 1271 3505 magisve
1290 3451 1390 3487 neees-

285 3512 385 3561 sarium
408 3512 515 3578 opinor,
535 3527 612 3581 quem
628 3512 732 3580 eligere
746 3527 824 3580 quem
838 3510 948 3581 diligas,
969 3520 996 3563 et
1014 3528 1029 3563 a
1049 3527 1103 3580 quo
1123 3510 1242 3563 vicissim
1262 3506 1390 3575 diligere.

285 3580 403 3634 Proinde
414 3584 512 3649 etipse
524 3584 668 3636 amicitiam
688 3590 769 3647 tuam,
783 3584 939 3650 imperator,
955 3585 982 3639 in
998 3599 1076 3651 quam
1094 3582 1193 3633 teneris
1206 3578 1292 3631 adhuc
1311 3574 1390 3630 annis

286 3653 398 3718 intravi,
418 3660 521 3705 etcum
542 3662 628 3707 aetate
648 3662 750 3708 auctam
770 3654 911 3725 hucusque
937 3654 1108 3720 conservavi,
1132 3651 1261 3705 etiamad
1289 3650 1388 3703 exitum

286 3726 360 3777 vitae
388 3724 550 3777 inoffensam
574 3733 745 3795 sanctamque
773 3728 931 3781 custodiam.
980 3725 1052 3778 Hebe
1088 3726 1171 3794 igitur
1200 3723 1299 3775 bonum
1327 3722 1390 3783 ani-

285 3810 373 3849 mum:
394 3812 450 3848 non
464 3798 535 3848 enirn
549 3798 627 3863 prius
644 3798 693 3850 tibi
708 3800 853 3867 quidquem
869 3815 947 3851 accus
966 3814 997 3849 ac
1011 3796 1127 3849 vclirnus
1146 3796 1296 3860 continget,
1310 3807 1390 3861 quam
1486 3804 1489 3811 ·

286 3883 338 3937 ego
358 3883 418 3920 meo
439 3875 600 3935 purpuratus
619 3872 752 3939 sangnine
767 3869 937 3935 occubuero;
957 3876 983 3922 et
996 3868 1134 3937 proposita
1149 3862 1233 3934 pcrg'c
1252 3866 1308 3927 via,
1327 3879 1391 3915 ser-

285 3942 389 3992 vatoris
409 3936 507 3991 Christi
528 3940 641 4008 eiusque
658 3943 801 4011 genitricis
821 3942 924 3994 arixilio
944 3940 1088 3993 subnixus:
1111 3954 1235 3991 necnon
1256 3936 1315 3986 eius
1336 3950 1390 3986 νο-

285 4012 626 4079 ciacomrounitus,‘quem
646 4012 727 4079 poulo
745 4021 807 4066 ante
829 4030 894 4067 evus
914 4014 994 4065 misit.
1030 4012 1084 4064 llos
1109 4010 1186 4062 tend
1216 4008 1313 4059 iudicii
1343 4006 1389 4059 lo-

283 4098 345 4135 cum
366 4084 532 4154 comitantes,
560 4083 628 4135 loris
648 4085 823 4149 manebimus,
847 4086 943 4153 parati,
973 4085 993 4135 si
1020 4100 1072 4152 qua
1100 4082 1141 4133 vis
1166 4081 1277 4140 oriatur,
1306 4078 1388 4131 tritam

284 4155 376 4207 certac
396 4155 476 4207 rnorti
496 4170 545 4222 pro
566 4161 610 4206 tue
628 4155 715 4209 salute
741 4172 891 4225 opponere.
931 4156 959 4209 ln
979 4154 1021 4207 his
1041 4155 1134 4207 iisdem
1156 4168 1185 4204 sc
1207 4151 1387 4218 acquiescere

282 4228 337 4278 tum
358 4225 538 4278 confirmasset
555 4233 742 4294 protostrator,
771 4228 845 4281 velut
871 4226 991 4279 ultimum
1016 4230 1131 4279 interce
1153 4222 1298 4289 complexi,
1320 4236 1385 4273 cru-

283 4299 378 4366 cisque
411 4298 522 4351 dirinae
549 4300 627 4367 signo
658 4296 803 4364 obarmati,
834 4301 944 4353 iunctim
972 4300 1003 4353 ad
1036 4298 1167 4350 iudicium
1198 4296 1330 4345 constanti
1360 4299 1387 4345 ct

282 4368 442 4424 immutabili
462 4372 518 4425 oris
535 4370 627 4428 hodite
645 4379 673 4423 et
691 4387 749 4424 cunr
770 4372 851 4424 animi
874 4371 1017 4424 altitudine
1036 4384 1143 4440 gressus
1160 4367 1282 4421 tendunt.
