3025 4900
323 317 409 422 438
719 337 1001 405 munucuznm
1490 182 1501 555 1

174 494 465 581 Δ,0.ι33οἷσχοράς.
486 489 503 557 ύ
524 493 554 556 δ’
570 491 607 556 οδ
628 493 694 556 δεῖν
715 487 851 579 ἔφασκεν
864 491 932 578 εἰκῇ
948 495 1134 575 λογομαχεῖν
1148 485 1295 578 άλλὴλοις
1310 495 1412 560 ἅντε·
1493 558 1497 573 ,

318 595 473 679 πάγοντας
485 589 520 656 εδ
539 591 725 672 ψεύδεσθαι,
747 591 818 657 ἀλλ’
837 588 892 654 ἐπί
912 594 967 676 τῆς
984 594 1071 676 δίκης
1085 588 1303 668 καταστάντας
1326 587 1409 660 ἑκά-

317 719 408 782 τερον
431 683 476 756 ὧν
501 691 588 768 άξιοϊ
602 685 870 776 παρέχεσθαιτάς
887 685 1077 770 άποδείξεις.
1107 689 1256 772 βασιλεύς
1269 693 1307 757 δέ
1324 691 1407 777 πρύ-

316 817 406 880 τερον
424 795 483 874 μέν
499 787 659 875 ἡσύχασεν
675 788 729 854 ἐπί
741 786 867 874 ’μικράν
890 787 969 875 πρὸς
983 789 1023 854 τά
1042 790 1211 873 εἰρημένα·
1237 783 1314 854 ούδδ
1338 793 1405 876 γάρ

316 885 357 978 ἦν
375 915 423 956 πον
440 887 592 976 πρότερον
611 890 704 954 ούδέν
718 884 857 973 άκηκοούς
874 885 948 974 περί
961 888 1152 973 Συργιάννη·
1175 885 1282 954 ἔπειτα
1298 882 1424 972 eltis-5

316 994 396 1060 σθαι
418 992 480 1072 μὲν
504 984 570 1054 εἶπε
586 989 640 1054 καί
659 986 741 1054 πάνυ
770 985 848 1074 πρδς
861 985 935 1062 τούς
952 988 1113 1063 τοιούτους
1129 987 1259 1071 λόγους.
1278 989 1318 1052 ού
1335 988 1403 1076 γάρ

314 1087 489 1176 βούλεσθαι
508 1088 597 1176 αύτῷ
615 1085 688 1162 τούς
713 1083 891 1172 ύπηκδους,
911 1083 985 1163 τούς
1003 1089 1063 1168 μὲν
1084 1085 1233 1162 άπιοτίας
1258 1086 1403 1173 φεύγειν,

316 1187 391 1263 τούς
410 1189 445 1251 δὲ
468 1184 608 1268 διώκειν,
630 1179 711 1250 tutu
732 1183 855 1260 πάντας
868 1209 904 1250 τε
925 1184 1010 1272 αύτῷ
1029 1176 1142 1260 ιύνους
1161 1180 1242 1251 εἶναι
1264 1183 1321 1248 καί
1337 1211 1404 1270 μη-

318 1289 391 1353 δένα
413 1287 491 1371 μηδ’
507 1285 564 1371 ύφ’
581 1279 650 1360 ἑνδς
672 1289 930 1371 κατηγορεᾶοθαι·
954 1284 1024 1348 ἐπεί
1043 1286 1078 1348 δέ
1106 1283 1231 1369 εἴρηται
1253 1285 1403 1365 τοιαῦτα,

317 1378 388 1452 οὔθ’
405 1381 504 1461 οὕτως
514 1383 598 1466 ἐχειν
611 1378 689 1447 ύστε
702 1381 782 1448 πάνυ
803 1382 962 1449 πιστεύειν
978 1383 1036 1462 δεῖ,
1055 1374 1128 1445 ούθ)
1148 1379 1227 1448 ὥστε
1241 1375 1442 1465 cumdum

224 1485 399 1557 Μῦθάλλύ
428 1484 556 1570 βασάνῳ
573 1479 607 1546 τύ
631 1485 759 1568 πρᾶγμα
782 1481 907 1564 δύντος,
928 1481 1064 1566 τάληθὲς
1076 1475 1261 1568 άνερευνᾷν.
1303 1473 1401 1563 εύχο-

317 1609 377 1668 μαι
397 1585 432 1648 δέ
456 1581 693 1662 Τζαμπλάκωνα
708 1585 916 1667 παραχθέντα
937 1585 1058 1664 μᾶλλον
1077 1577 1118 1645 τά
1138 1577 1183 1665 με)
1204 1571 1281 1643 ὄντα
1297 1582 1401 1661 λέγειν

317 1679 388 1768 ἢσέ
409 1679 562 1757 τοιούτοις
580 1683 658 1758 οἵοις
678 1674 772 1758 αύτύς
792 1705 889 1767 φησιν
903 1683 1069 1762 ἐνέχεσθαι
1088 1687 1204 1754 κακοῖς.
1244 1679 1401 1760 Συρχιάν·

317 1807 372 1868 νης
392 1783 426 1846 δὲ
440 1781 539 1846 ἐδεῖτο
554 1781 709 1862 βασιλέως
729 1775 825 1860 μόνον
842 1782 904 1845 τῶν
919 1779 1049 1844 δικαίων
1073 1788 1183 1861 τυχεῖν
1204 1776 1259 1842 καί
1277 1775 1324 1860 μὴ
1347 1774 1401 1839 διά

317 1878 534 1966 συκοφαντίαν
557 1878 676 1964 ἐρήμην
700 1878 837 1969 άλοῖνομ·
863 1875 938 1954 τούς
961 1881 997 1945 δδ
1024 1880 1153 1961 ψευδεῖς
1176 1874 1330 1939 τουτουσί
1349 1873 1437 1944 aaut

317 1983 554 2059 πεπλασμένους
572 1973 681 2059 λόγους
693 1971 846 2059 ἡγεῖσθαί
863 1999 897 2040 τε
914 1980 1015 2061 μηδὲν
1037 1980 1092 2042 καί
1106 1973 1166 2042 σύν
1186 1975 1294 2040 ούδενί
1312 1973 1401 2063 πάνιρ

318 2072 391 2162 ὅπερ
412 2079 473 2141 είσι
491 2075 606 2166 ῥηιδίως
619 2069 817 2154 ἀποδείξειν.
857 2074 1006 2159 βασιλεύς
1030 2078 1066 2141 tt
1090 2074 1145 2140 καί
1166 2072 1264 2148 αύτδς
1280 2072 1403 2158 ἔφασκε

274 2237 277 2244 ,
318 2173 397 2241 κατά
413 2174 536 2260 γνώμην
556 2169 641 2264 αύτῷ
657 2168 739 2238 εἶναι
758 2177 880 2256 μᾶλλον
898 2173 1122 2240 &nostrarum
1140 2171 1199 2248 τάς
1212 2176 1403 2256 κατηχοράις
1502 2198 1503 2235 ο

317 2275 373 2336 καί
393 2275 470 2357 μηδ’
495 2271 549 2340 ἐπί
569 2276 629 2360 μιᾷ
647 2267 752 2338 airus
773 2273 894 2338 ἁλούναι
916 2274 1061 2358 άληθῶς·
1090 2266 1201 2338 άδικον
1224 2273 1260 2334 δέ
1290 2273 1403 2356 ψῆφον

316 2365 372 2434 ούιι
392 2363 431 2436 άν
445 2395 517 2436 ποτε
535 2372 622 2461 αύτῷ
637 2373 819 2456 ἐπενεγκεῖν,
842 2373 880 2436 οδ
899 2368 996 2454 μόνον
1012 2366 1116 2457 ὥσπερ
1132 2374 1192 2436 νύν
1202 2369 1278 2457 περί
1291 2371 1436 2453 ψυχῆςοο

288 2471 551 2561 Βάγωνιζομδνιρ,
574 2467 643 2537 ἄλλ’
660 2466 731 2535 ούδ’
752 2474 783 2535 εί
796 2474 871 2557 περί
890 2474 953 2537 τῶν
967 2472 1174 2558 φαυλοτάτων
1197 2468 1284 2545 τινύς
1307 2468 1402 2554 ἐλάγ-

212 2578 306 2635 V.an
316 2594 396 2654 χοινε
430 2570 487 2655 τὴν
528 2570 627 2657 δίκην.
683 2568 912 2653 Τζσμπλάκωνι
936 2573 973 2635 δδ
999 2571 1161 2635 ἐκέλευσεν
1180 2567 1203 2633 ά
1222 2568 1400 2653 Συρχιάνιη

317 2669 462 2754 ἐγκαλοίη
481 2670 526 2747 εἷς
542 2674 641 2751 μέσον
659 2662 765 2753 άχειυ·
805 2662 879 2733 ου’δέ
893 2666 955 2753 γάρ
975 2695 1024 2735 πον
1038 2662 1110 2755 ᾔδει
1125 2667 1200 2757 περί
1219 2667 1328 2733 αύεοῖν
1343 2662 1402 2729 ού-

318 2770 381 2840 δέν.
428 2767 645 2851 Τζαμπλάκοιν
660 2770 695 2835 δὲ
715 2758 840 2834 άνεοθεν
860 2766 1051 2853 ἀρξάμενος,
1072 2762 1173 2846 οάτοος
1188 2768 1324 2833 ἐποιεῖτο
1340 2772 1401 2857 την
1503 2859 1504 2872 ¹

317 2936 432 2991 alterum
449 2938 560 2991 mentiri
579 2938 693 2989 clamet:
722 2934 771 2989 sed
795 2938 823 2987 in
850 2933 984 2988 iudicium
1001 2936 1165 2989 veniendum
1184 2946 1212 2991 et
1228 2938 1262 2991 ab
1279 2948 1401 3011 unoque

316 3008 351 3065 nd
368 3007 397 3059 id
416 3007 489 3078 quod
509 3010 577 3061 velit
594 3006 805 3065 ostendendum.
824 3007 942 3057 rationes
961 3008 990 3057 in
1005 3008 1123 3060 medium
1140 3007 1316 3062 adducendas.
1353 3011 1404 3063 Ad

315 3078 384 3131 baec
410 3080 558 3147 imperator
583 3078 700 3145 primum
729 3076 839 3148 quidem
864 3077 1062 3147 aliquantisper
1092 3080 1187 3131 siluit:
1224 3079 1293 3133 nihil
1318 3081 1402 3131 enim

314 3145 448 3206 hactenus
477 3147 511 3200 de
538 3148 684 3217 Syrgiannc
711 3146 850 3198 audierat:
879 3146 981 3199 deinde
1006 3150 1182 3218 permolestus
1200 3151 1253 3202 sibi
1273 3149 1320 3201 bos
1341 3168 1404 3202 sen-

216 3242 224 3259 ·
314 3234 408 3269 murres
429 3236 486 3271 esse
505 3216 590 3269 dixit:
619 3216 749 3287 quoniam
771 3216 859 3268 nollet
878 3218 1015 3270 subiectos
1033 3236 1095 3271 suos
1115 3222 1184 3272 siics
1202 3220 1312 3291 quidem
1332 3222 1403 3271 inii-

315 3288 436 3339 dciitntis
455 3287 556 3339 crimen
574 3286 725 3351 intendere,
744 3286 814 3340 elios
832 3304 938 3339 causam
956 3290 1061 3342 dicere:
1089 3289 1137 3342 sed
1155 3293 1238 3342 nmsri
1255 3291 1289 3342 nb
1305 3293 1403 3343 omni-

314 3356 365 3409 bus
388 3365 417 3411 et
439 3358 576 3420 neminem
599 3357 632 3409 ab
659 3358 715 3409 ulio
742 3356 826 3410 unius
850 3361 959 3413 sceleris
977 3363 1102 3413 accusari.
1146 3360 1305 3430 Quaerere
1324 3360 1403 3413 dicta

315 3428 388 3489 sint,
407 3444 457 3479 nec
474 3427 541 3480 tniia
561 3445 634 3489 esse,
653 3436 683 3480 ut
703 3428 782 3479 vaide
801 3427 950 3483 credenda:
978 3448 1030 3483 nec
1046 3432 1130 3488 tulin.
1157 3440 1189 3482 ut
1205 3434 1317 3483 omnino
1339 3449 1403 3483 cre-

313 3496 402 3549 denda
425 3516 480 3567 που
506 3502 576 3549 sint:
613 3499 741 3567 quocirca
767 3498 946 3551 examinanda
972 3510 999 3554 ct
1026 3502 1167 3553 veritatem
1195 3502 1403 3573 inquirendam.

313 3568 414 3635 Optare
434 3562 525 3619 nutem
543 3584 588 3631 re,
608 3568 809 3637 Zumplaconem
824 3570 917 3635 potius
934 3588 1002 3641 quse
1017 3589 1072 3623 non
1087 3573 1142 3622 sint
1155 3572 1292 3635 obiicere,
1313 3588 1401 3643 quam

312 3626 678 3705 Syrginnncm'obiectorum
696 3639 839 3691 criminum
858 3656 934 3690 reum
953 3658 1019 3695 esse.
1055 3640 1216 3712 Syrginnnes
1233 3660 1329 3711 rogare
1342 3645 1402 3694 irn-

312 3716 478 3774 pcratorcm,
496 3716 600 3761 tantum
619 3718 649 3759 ut
667 3712 726 3761 iure
745 3725 836 3761 secum
855 3719 963 3779 agatur,
988 3730 1024 3764 ne
1042 3728 1091 3779 per
1109 3713 1272 3764 calumniam
1293 3712 1400 3764 indicta

311 3794 390 3829 cause
411 3776 561 3829 damnetur.
609 3780 695 3831 Falsis
721 3787 813 3831 nutem
836 3778 912 3831 hisce
939 3790 968 3833 et
990 3782 1113 3835 confictis
1132 3783 1304 3834 sermonibus
1323 3782 1402 3835 nihil

311 3864 340 3897 sc
359 3846 461 3899 turbari
485 3848 617 3919 nulloque
643 3848 735 3901 labore
760 3849 789 3899 id
813 3848 888 3921 quod
911 3860 1002 3905 essent
1022 3852 1277 3905 demonstraturum.
1324 3854 1400 3905 Tum

310 3917 474 3984 imperatur,
504 3918 562 3969 Sibi
588 3936 696 3989 quoquc
721 3920 832 3989 probari
857 3922 957 3987 magis,
988 3925 1028 3976 uti
1056 3924 1169 3974 crimina
1194 3922 1284 3975 diiunt
1311 3933 1342 3975 et
1361 3940 1401 3975 ne

310 3989 391 4039 unius
417 3988 528 4057 quidem
548 4003 608 4039 vere
628 3990 811 4058 convincatur.
860 3992 987 4063 iniquam
1009 4002 1100 4045 sutem
1128 3997 1293 4047 sententiam
1319 4012 1399 4045 nun-

310 4075 391 4127 quam
410 4060 439 4111 in
460 4074 521 4109 eum
542 4058 677 4112 laturum:
706 4076 763 4113 non
781 4060 886 4124 solum,
917 4071 948 4115 ut
971 4063 1000 4113 in
1019 4080 1145 4133 praesens
1166 4063 1200 4115 dc
1218 4066 1274 4116 vita
1294 4065 1325 4114 in
1347 4081 1398 4132 pe.

310 4128 427 4181 ricuiurn
455 4134 592 4178 vocaturn:
625 4129 674 4182 sed
700 4148 790 4199 neque
814 4130 847 4181 de
874 4131 965 4203 eliqua
990 4151 1018 4184 re
1045 4134 1229 4186 abiectissimn
1259 4133 1398 4185 iudicium

310 4212 386 4247 suum
411 4194 582 4249 subeuntem.
629 4198 699 4252 Turn
725 4200 895 4269 Zernplnconi
924 4202 1064 4257 mundavit
1089 4221 1245 4276 exponere,
1274 4221 1396 4275 quorum
1503 4222 1504 4228 ¹

309 4262 488 4335 Syrginnncm
508 4266 697 4322 insimularet:
725 4268 814 4321 sdiruc
840 4272 913 4330 enim
934 4290 967 4329 es
984 4275 1135 4336 nescietur.
1178 4272 1328 4329 mestuus
1346 4288 1395 4325 re-
