3025 4900
287 255 374 364 dat
556 367 561 388 Ι
686 283 967 351 muriceam

140 433 172 496 Ᾰ·
183 434 383 525 ⁰·1329flotr'p
402 434 627 522 βδελυξάμενοι
641 437 696 524 τῆς
717 439 850 520 ridendae,
870 438 1044 524 προθύμας
1063 437 1270 526 συνηράμεθα
1289 438 1373 520 desib

285 537 341 604 καί
360 533 494 614 πολλούς
520 536 685 614 κινδύνους
706 533 919 618 όπιμειναμεν
949 534 1005 600 καί
1022 534 1147 611 πόνους.
1194 529 1249 600 εἶτ’
1270 530 1372 613 αὖθις

285 632 364 719 μετά
384 633 443 720 την
458 631 584 718 μακράν
612 634 731 720 ἐκείνην
755 632 876 718 πλάνην
903 632 961 698 καί
971 631 1047 708 τούς
1065 631 1274 721 περιδρόμους
1292 633 1371 711 τούς

285 733 421 810 πολλούς
436 733 493 800 καί
510 733 566 818 τὴν
584 734 619 798 ἐκ
644 737 700 818 τῆς
723 737 852 818 χρονίου
869 732 1084 798 κακοπάθὲιαν
1102 733 1285 818 στρατείαις,
1315 730 1373 798 καί

287 836 343 918 τῆς
358 833 529 918 κρείττονος
547 831 709 915 δυνάμεως
724 833 802 918 ἡμῖν
817 829 874 899 τόν
884 829 1016 914 πόλεμον
1036 833 1394 916 συγκατεργαζομίνης,5

287 935 352 1000 τάν
373 954 408 996 τε
426 933 582 1014 πολεμίων
600 929 834 1020 κεκρατήκαμεν
849 926 910 1018 ἤδη
931 934 1080 1016 καθαρῶς
1094 933 1150 996 καί
1164 929 1222 1015 τὴν
1233 930 1373 1012 Ῥαμαί-

289 1054 335 1098 ων
348 1025 514 1116 ἡγεμονίαν
529 1032 847 1116 συχνατεκτησάμεθα
862 1032 949 1113 ύμῖν.
990 1033 1061 1097 νυνί
1074 1032 1104 1095 δ’
1122 1023 1222 1104 αύθις
1235 1030 1298 1094 τῶν
1310 1053 1372 1092 πο-

288 1132 394 1212 λέμιον
406 1131 612 1212 πεπαυμένων
629 1133 684 1195 καί
698 1128 824 1216 εἰρήνης
843 1128 883 1196 τά
896 1131 1062 1210 Ῥωμαίων
1079 1127 1272 1213 κατεχούσης
1286 1125 1372 1210 πρά-

288 1251 405 1312 γματα,
426 1226 559 1314 ὁρῶντες
574 1227 656 1309 όμᾶς
672 1229 734 1294 κάν
752 1233 912 1314 προτέρων
922 1230 1045 1310 μείζοσι
1054 1235 1158 1302 κακοῖς
1172 1228 1371 1309 ἐπιχειρούν-

263 1335 353 1404 Deos
367 1327 453 1411 ἡμᾶς
473 1329 646 1409 ἐμβάλλειν,
661 1331 916 1412 παραγγέλλομεν
929 1328 1004 1410 ύμῖν
1017 1325 1062 1412 μὴ
1081 1318 1176 1401 αὖθις
1191 1320 1281 1390 καινά
1300 1327 1416 1390 δια-ιο

289 1429 443 1506 νοεῖσθαι,
450 1427 528 1508 μηδ’
537 1423 684 1511 άφορμάς
696 1429 847 1510 παρέχειν
854 1429 898 1514 τῷ
908 1424 1025 1490 κάκιστ’
1036 1425 1239 1512 ἀπολουμένῳ
1247 1425 1372 1511 πολέμῳ

289 1519 370 1610 πρός
380 1521 648 1608 νούςόμοφύλους.
670 1525 712 1590 Εἰ
720 1522 986 1610 ταῦτ’ἔλεχονκαό
995 1519 1099 1608 οἵσπερ
1110 1522 1263 1607 κορωνίδα
1274 1545 1374 1606 προσ-

290 1619 452 1702 ετίθεσαν,
473 1615 532 1712 ὅτι,
554 1624 584 1687 εἰ
601 1626 661 1704 μὲν
680 1625 811 1706 δέχεσθε
833 1625 887 1688 ἐπί
905 1621 1036 1705 τούτοις,
1057 1622 1137 1686 εἰδὲ
1156 1619 1212 1705 μη,
1231 1629 1373 1685 σκοπεῖτε

290 1717 336 1802 μὴ
360 1719 421 1802 ούχ
448 1717 523 1805 ἡμῖν
540 1722 661 1801 μᾶλλον
680 1717 702 1806 ἢ
722 1721 799 1804 ύμῖν
819 1717 926 1800 αύτοῖς
950 1719 1044 1786 αἴτιοι
1066 1719 1220 1801 μειζόνων
1246 1720 1373 1802 γενησε-

292 1821 352 1882 σθε
371 1821 495 1882 κακῶν·
533 1819 578 1884 Εἰ
597 1821 632 1884 δὲ
653 1818 692 1905 δη
714 1821 770 1886 καί
788 1823 986 1906 προσέθηκαν
993 1871 1003 1903 ,
1024 1821 1067 1883 ἑά
1085 1817 1146 1904 γὰρ
1168 1821 1281 1900 εἰπεῖν,
1301 1813 1353 1881 ότι
1363 1824 1413 1898 ,15

291 1917 324 1982 εί
340 1919 400 1998 μὲν
419 1916 570 2000 βασιλεύς
591 1915 688 1996 οὕτως
709 1919 775 2002 ἔχοι
793 1919 917 2005 μυιάμης
938 1915 1012 1984 ὥστ’
1031 1922 1085 2006 ἐφ’
1103 1915 1234 2004 ἑκάτερα
1257 1916 1376 2005 ῥηιδίως

290 2013 547 2098 μεταβάλλεσθαι
577 2021 633 2082 καί
656 2022 772 2104 μικράς
798 2023 887 2084 ἕνεκα
907 2013 930 2102 ἢ
948 2020 1005 2084 καί
1023 2019 1173 2100 ούδεμιάς
1193 2019 1297 2094 αἰτίας
1317 2041 1376 2082 πο-

291 2116 390 2195 λέμου
412 2107 531 2199 άρχειυ,
553 2118 589 2179 τί
605 2116 658 2179 δεῖ
672 2119 715 2204 τῷ
734 2116 865 2206 τοιούτῳ
887 2111 1038 2203 άφορμάς
1057 2120 1200 2202 ταραχῆς
1222 2114 1277 2180 καί
1294 2113 1376 2181 στά-

291 2235 372 2288 σεως
401 2211 455 2276 ἐπί
481 2211 565 2302 λύμη
591 2212 648 2280 καί
665 2219 775 2305 φθορᾷ
804 2220 862 2282 τοῦ
881 2220 987 2283 κοινοῦ
1008 2217 1168 2302 παρέχειν.
1208 2217 1239 2282 εί
1258 2216 1289 2279 δ’
1307 2210 1376 2280 Zad-

295 2333 364 2394 ροις
391 2313 534 2376 πείθεται
553 2311 761 2400 συκοφάνταις
782 2317 837 2380 καί
856 2314 1040 2403 διεφθορόσι
1058 2317 1113 2380 καί
1131 2315 1225 2380 ούδδν
1246 2314 1414 2395 όμείνο-αο
1505 2354 1506 2367 α

205 2413 352 2484 Μόθσιν
372 2403 551 2497 όνθράποις
568 2406 800 2499 άνδραπόδων,
822 2415 890 2480 οὐδ’
912 2410 994 2481 odeo
1015 2413 1135 2481 δίκαιον
1156 2415 1230 2481 ovidi
1250 2421 1389 2493 λυσιτε-1

293 2513 346 2588 λὲς
372 2519 438 2588 τοϊς
466 2506 566 2590 οὕτως
595 2512 739 2596 ἔχουσιν,
767 2516 802 2580 όν
827 2514 924 2603 μοι’ρρ
945 2514 1054 2601 Καρός
1079 2516 1163 2600 ἡμᾶς
1188 2510 1378 2580 όποτάττειν

293 2604 435 2687 ἑαυτούς·
471 2610 560 2679 Ἀλλ’
578 2614 609 2679 εἰ
627 2616 826 2703 προσέθηκαν
843 2624 909 2695 τοῖς
928 2611 1030 2702 λόγοις
1055 2616 1152 2681 ἐκεῖνο
1178 2610 1291 2701 μόνον,
1312 2608 1376 2695 ὅτι,

295 2786 374 2847 sunt,
400 2783 473 2837 unde
497 2801 544 2839 vos
572 2784 607 2839 ud
629 2786 732 2841 bellum
759 2790 872 2843 tertium
895 2786 1027 2857 compulsi
1047 2784 1241 2849 descendistis,
1265 2799 1373 2854 nosque

295 2852 405 2903 sceleris
432 2856 644 2925 magnitudinem
671 2862 805 2923 execrati,
839 2876 887 2931 per
912 2860 998 2910 multa
1022 2858 1181 2911 discrimina
1207 2854 1371 2923 laboresque

295 2920 410 2991 impigre
428 2924 505 2978 vobis
528 2932 716 2989 succurrimus,
759 2930 931 2983 Postmodum
958 2928 1049 2981 denuo
1074 2936 1137 2997 post
1162 2929 1269 2997 longam
1293 2925 1370 2979 ittam

294 2995 465 3073 vpgationem
489 2999 630 3068 variasque
655 3000 778 3071 ambages
803 3008 832 3051 ct
854 3001 1026 3052 afflictionem
1050 2999 1196 3050 diuturnae
1214 2994 1368 3065 expeditio·

294 3076 354 3123 nss,
382 3081 443 3116 cum
462 3069 542 3119 etiam
560 3068 653 3121 divina
677 3088 725 3121 nos
751 3072 834 3122 virtus
853 3069 1007 3131 adiutaret,
1037 3069 1090 3121 iam
1107 3068 1142 3121 de
1163 3067 1285 3119 hostibus
1301 3079 1367 3132 per·

295 3128 367 3184 fecte
388 3136 611 3206 triumphavimus
630 3146 659 3191 et
677 3141 825 3191 Romanurn
844 3142 1027 3209 principatum
1044 3140 1183 3192 vobiscum
1197 3134 1368 3205 recuperari-

295 3215 362 3253 mus.
406 3204 484 3259 Nunc
511 3206 635 3259 hostibus
664 3210 885 3279 quiescentibus,
910 3226 1059 3281 pacemque
1084 3210 1206 3279 agitante
1230 3206 1373 3276 republica

294 3286 357 3327 cuns
379 3291 518 3329 cernamus
541 3294 588 3329 vos
616 3280 714 3331 iterum
742 3280 880 3341 laborare,
908 3282 986 3333 utin
1003 3281 1074 3331 mais
1094 3278 1230 3349 prioribus
1248 3278 1374 3346 graviora

296 3342 497 3414 praecipitetis,
524 3346 663 3411 iuhemus,
690 3368 725 3403 ne
742 3368 832 3403 rursus
851 3368 920 3404 nova
937 3351 1123 3412 meditemini,
1147 3365 1215 3401 nere
1233 3348 1307 3399 bello
1324 3347 1375 3397 in·

297 3412 473 3481 felicissimo,
499 3416 550 3471 hoe
570 3427 624 3481 est,
641 3420 731 3482 civili,
751 3423 890 3473 materiem
909 3440 957 3490 sug
976 3422 1063 3475 eratis.
1107 3420 1136 3471 Si
1155 3418 1221 3470 hsce
1239 3419 1374 3477 dicerent,

297 3484 425 3554 inquam,
447 3494 476 3539 et
491 3496 626 3559 umquam
644 3490 800 3543 coronidem
817 3491 949 3544 adderent
959 3440 1047 3544 haec:
1084 3489 1113 3542 st
1132 3489 1242 3559 quidem
1260 3494 1377 3557 propter

295 3550 345 3606 has
372 3558 490 3611 rationes
516 3557 590 3611 dicta
613 3569 703 3613 nostra
727 3560 872 3615 admittitis
896 3568 926 3613 et
943 3561 1118 3633 approbatis,
1147 3560 1218 3611 bene
1240 3566 1294 3609 ests
1328 3556 1376 3607 sisa

294 3633 401 3689 eutem,
427 3628 537 3693 ridete,
563 3648 598 3682 ne
625 3630 701 3681 vobis
728 3632 834 3698 potius,
860 3650 940 3704 quarn
957 3633 1037 3685 uobis
1056 3630 1205 3700 perniciem
1223 3626 1374 3679 accersatis.

296 3693 380 3761 Quod
397 3695 420 3747 si
440 3698 572 3753 adderent
588 3700 687 3759 etiam.
715 3718 771 3753 non
796 3700 884 3755 dicam
909 3703 964 3754 talc
992 3701 1075 3773 quid:
1111 3700 1140 3751 si
1166 3700 1312 3767 imperator
1338 3712 1376 3747 eo

295 3769 333 3818 ⁸st
350 3768 476 3835 i¹¹8⁰¹¹50s
502 3778 535 3823 ut
558 3770 587 3823 in
613 3778 754 3841 utramque
775 3780 879 3841 partera
897 3774 977 3825 facile
994 3780 1113 3823 mutetur
1130 3777 1158 3823 et
1177 3776 1288 3839 propter
1308 3783 1376 3817 esu·

295 3855 353 3891 sam
371 3838 414 3889 vei
432 3854 539 3905 parvam
557 3841 601 3892 vel
618 3842 719 3891 nullam
739 3842 841 3894 beilum
860 3844 991 3913 incipiat,
1018 3840 1085 3912 quid
1103 3840 1168 3893 huie
1184 3836 1376 3909 perturbatio-

295 3912 339 3959 nis
357 3924 388 3959 ac
407 3906 557 3961 seditionis'
568 3912 602 3963 ad
628 3920 730 3981 pestem
751 3922 779 3964 et
795 3913 935 3965 interitum
954 3912 1120 3981 reipublicae
1139 3908 1375 3979 opportunitatem

296 3977 433 4043 porrigere.
458 3995 525 4046 opus
550 3980 609 4033 est?
644 3982 673 4033 Si
698 3991 789 4035 eutem
812 3983 984 4051 sycophantis
1008 3983 1194 4050 perversisque
1213 3976 1376 4031 hominibus

295 4066 326 4099 ac
343 4046 431 4099 nihilo
450 4048 610 4103 melioribus
628 4056 769 4123 mancipiis
795 4056 919 4123 pessimis
938 4054 1114 4123 obsequitur,
1141 4066 1194 4102 nee
1211 4050 1251 4101 sic
1272 4049 1377 4105 iustum

294 4130 376 4189 atque
394 4117 461 4169 utile
479 4134 634 4185 censemus,
661 4122 701 4175 sie
718 4126 819 4177 affectis
848 4132 880 4175 ut
899 4124 978 4177 Cures
996 4141 1047 4176 nos
1066 4122 1219 4181 subiicere,
1246 4118 1307 4171 Non
1327 4115 1376 4167 di·

296 4206 370 4253 csm,
400 4187 423 4239 si
444 4189 532 4257 istuc,
562 4188 611 4245 sed
635 4192 669 4266 si,
682 4194 804 4249 orationi
822 4210 886 4251 suae
904 4192 979 4249 iliud
994 4210 1079 4251 ussum
1094 4189 1175 4250 modo
1193 4188 1377 4261 adiungerent
