3025 4900
456 369 483 426 1.
499 339 691 431 ruamur
719 365 956 432 emmaus.
1206 373 1248 436 xr

170 536 344 602 excellentes
364 545 468 596 mmen
504 543 594 616 atque
621 536 770 618 perfectos
794 536 958 599 admodum
983 555 1068 598 raros
1095 541 1255 611 nominare

169 638 336 720 possumus)
357 633 453 696 nihilo
471 635 571 694 minus
587 637 621 696 in
643 637 701 697 ista
717 645 949 719 quanmcunque
965 633 1181 719 interpretandi
1198 641 1253 701 de-

169 737 342 819 fatigatione
377 755 413 796 ac
449 732 605 814 molestia,
633 737 782 796 suavitate
803 735 936 816 quadam
957 737 1169 820 perfunditur,
1200 762 1252 800 ex-

170 837 329 920 pleturque
347 838 485 913 animm,
513 829 583 894 cum
607 835 664 895 sibi
686 836 720 896 in
746 837 816 895 sinu
836 836 1061 917 quodammodo
1082 842 1164 903 nasci
1184 839 1254 900 the·

169 957 296 998 suarum
314 933 416 1012 ridet,
438 931 521 994 unde
538 933 688 992 bonarum
703 931 873 994 litterarum
890 934 982 995 ditior
1003 935 1129 998 evadsts
1158 957 1253 1019 quas-

170 1057 229 1118 que
244 1035 392 1096 hactenus
406 1045 453 1094 tot
468 1033 645 1112 hominum,
666 1035 758 1094 etiam
783 1033 991 1112 eruditorum,
1018 1034 1113 1096 millia
1132 1037 1252 1117 ignora·

170 1145 258 1212 rant,
297 1133 455 1216 multoque
476 1128 615 1212 diutius,
646 1153 681 1192 ac
712 1143 859 1215 perpetuo
886 1133 1010 1194 forsitan
1051 1126 1252 1217 ignorassent,

171 1235 359 1316 caprinceps
381 1234 555 1315 cognoscit,
590 1243 621 1293 et
641 1231 876 1309 sollicitudines,
899 1253 1022 1316 operam
1048 1246 1138 1316 atque
1169 1256 1255 1296 cona-

171 1345 217 1394 tus
248 1353 322 1393 suos
353 1351 408 1413 spe
435 1341 465 1393 et
484 1330 592 1391 fiducia
623 1327 727 1413 gratm
749 1335 934 1413 posteritatis
955 1331 1138 1394 consolatur.

250 1433 399 1492 Ceterum
420 1451 489 1491 cnm
509 1432 541 1491 in
563 1429 621 1491 hoc
643 1450 766 1513 quoque
784 1443 847 1495 tam
867 1434 1032 1513 praestanti
1047 1452 1173 1494 munere
1192 1433 1254 1495 ela·

174 1531 321 1610 borandi,
343 1541 375 1591 et
393 1529 516 1612 aliquod
538 1533 797 1611 operaepretium
815 1531 943 1592 faciendi
955 1529 1098 1592 voluntas
1110 1553 1174 1592 non
1191 1553 1256 1594 maa

176 1629 283 1692 diociis
297 1631 360 1690 iam
378 1627 498 1711 pridem
518 1627 593 1689 mihi
615 1628 698 1690 laud
720 1628 870 1710 desuerit,
896 1629 1093 1691 nihilominus
1113 1632 1178 1692 eius
1196 1632 1257 1692 dis-

178 1728 322 1790 lioultates
341 1730 523 1810 cogitatione
546 1727 818 1809 complectentem,
848 1747 911 1790 non
926 1720 1048 1811 quidem
1068 1733 1168 1813 pudor
1184 1733 1258 1796 sub-

176 1821 324 1906 rusticus,
357 1827 411 1890 ssd
428 1837 526 1886 metus
551 1825 694 1906 ¹quidam,
730 1838 766 1888 ut
788 1828 940 1905 arbitror,
969 1820 1117 1912 ingenuus
1141 1852 1261 1914 semper

176 1927 351 1990 absterruit.
392 1927 435 1987 Et
455 1927 556 1986 nescio
578 1921 731 2008 quomodo
747 1927 852 1988 humet
870 1932 903 1988 in
923 1927 1084 2008 medullis,
1109 1951 1165 1992 nec
1180 1930 1259 1992 obli-

177 2029 248 2088 visci
276 2045 376 2107 queo,
411 2025 494 2108 quod
518 2025 599 2107 apud
624 2015 803 2108 scriptorem
827 2031 1047 2110 persapientem
1070 2024 1170 2114 legere
1194 2053 1260 2091 rne-

177 2128 271 2186 mini:
312 2135 466 2213 praestare
484 2127 611 2204 umere,
646 2145 739 2206 quam
767 2124 879 2187 audere
903 2130 936 2186 in
957 2126 1077 2190 litteris.
1126 2130 1264 2191 Accessit

178 2225 215 2286 ad
233 2245 287 2286 me
302 2223 538 2304 retardandum,
558 2223 642 2307 quod
657 2228 710 2306 qui
730 2228 900 2308 primorum
922 2229 1013 2308 primi
1019 2275 1030 2306 ,
1056 2228 1261 2312 signifer-ique,

177 2336 268 2408 atque
298 2324 396 2404 adeo,
428 2326 481 2406 qui
504 2325 704 2406 interpretum
732 2324 878 2385 familiam
906 2325 1018 2386 ducere
1043 2329 1262 2406 existimantur,

178 2425 227 2487 vel
246 2428 283 2486 in
304 2445 368 2486 uno
393 2423 473 2487 libro
499 2423 702 2485 convertendo
728 2425 911 2486 creberrime
941 2423 1137 2507 hallucinati,
1172 2439 1265 2510 atquc

178 2525 320 2606 alineis,
343 2523 567 2607 quoddicitur,
587 2524 749 2603 excidisse,
770 2516 994 2607 diligentiorum
1006 2526 1266 2589 animadversione

180 2622 486 2706 deprehendam(
517 2624 676 2702 Quaenam
699 2644 772 2707 ergo
802 2624 879 2685 mihi
902 2626 1066 2686 semidocta
1092 2625 1173 2686 fama
1194 2648 1265 2709 spe·

180 2724 277 2784 randa
293 2724 372 2785 fuit?
418 2723 537 2785 Veram
559 2725 732 2803 enimvero,
768 2734 959 2785 cunctantem
996 2747 1031 2785 ac
1055 2724 1266 2807 -uepidantem
1327 2804 1331 2812 ι

182 2827 362 2905 sapientium
383 2825 520 2885 virorum
542 2824 704 2885 auctoritas
727 2825 914 2904 commovit,
947 2826 1073 2907 ipsaque
1092 2826 1170 2885 ratio
1192 2844 1265 2885 con-

183 2922 333 3003 firmavit,
368 2934 404 2984 ut
430 2921 593 3003 aliquando
616 2924 649 2981 in
678 2921 796 2983 isthanc
821 2923 1003 3004 palaestram
1032 2924 1264 2985 descenderem:

183 3022 350 3104 siquidem,
385 3024 467 3083 iuxta
491 3018 671 3100 vulgatum,
711 3038 801 3081 nemo
833 3026 968 3083 nascitur
992 3023 1118 3083 artifext
1164 3034 1195 3082 et
1218 3042 1268 3083 ars

182 3120 266 3183 nulla
295 3132 361 3201 est,
400 3124 434 3183 in
459 3140 519 3201 qua
545 3138 607 3179 nun
636 3119 789 3199 peccando
815 3119 967 3180 discatur:
1007 3120 1149 3202 quodque
1173 3120 1268 3192 'nobis

181 3224 283 3303 pueris
315 3220 470 3303 quondam
499 3227 707 3300 praeceptores
728 3219 762 3277 in
784 3216 858 3278 ludo
881 3220 1074 3300 ingerebant,
1112 3222 1164 3301 qui
1186 3242 1266 3284 nuu-

182 3342 276 3403 quam
293 3320 395 3399 male,
422 3338 579 3399 nunquam
598 3316 684 3383 bene.
733 3318 862 3379 Factum
886 3320 998 3399 igitur,
1025 3329 1061 3378 ut
1082 3340 1152 3403 cum
1178 3320 1266 3379 Sere-

182 3412 325 3483 nissimus
347 3410 491 3482 Boiorum
506 3420 645 3499 princeps
660 3416 883 3477 Maximilianus
896 3418 1052 3477 societatis
1074 3431 1195 3481 nostrae
1210 3418 1266 3479 du·

184 3524 315 3581 mesticis
334 3528 513 3601 potestatem
529 3516 693 3579 Meliten
730 3526 823 3599 atque
848 3515 930 3576 salmo
943 3519 1155 3597 concessisset,
1177 3538 1194 3577 e
1210 3538 1266 3578 vo-

184 3620 349 3684 luminibus
377 3620 500 3680 Graecis
530 3606 647 3677 calamo
671 3621 798 3677 exaratis
816 3617 962 3699 (quorum
985 3615 1077 3676 habet
1094 3617 1127 3676 in
1155 3615 1267 3677 biblio-

184 3719 272 3780 theca
293 3741 349 3780 sua
362 3718 547 3779 nobilissima
558 3715 749 3778 lectissimam
771 3718 909 3797 copiam)
924 3716 1142 3799 depromendi,
1177 3726 1208 3775 et
1228 3716 1267 3775 ad

185 3838 377 3878 communem
412 3838 501 3877 usum
545 3814 860 3897 emolumentumque,
898 3819 982 3877 cuiuis
1003 3818 1125 3875 incenso
1147 3824 1267 3874 tenetm·

186 3917 357 3996 desiderio,
390 3916 608 3999 interpretandi
635 3936 713 3997 quac
733 3898 912 3996 placuisset,
951 3934 1006 3997 ego
1028 3917 1061 3974 in
1081 3914 1169 3975 ¹hunc
1204 3934 1267 3974 non

187 4015 416 4079 Ghrinodulum
431 4019 557 4101 utique,
587 4016 639 4076 sed
661 4018 693 4075 in
716 4018 898 4097 ipsissimum
923 4016 1066 4077 loannem
1083 4013 1267 4074 Cantacuze-

186 4134 262 4175 num
283 4116 461 4177 inciderim:
499 4137 560 4199 quo
583 4114 622 4175 ad
649 4126 768 4198 gusmm
795 4117 1032 4198 sententiamque
1059 4134 1159 4173 meam
1190 4110 1267 4177 nibil

189 4215 464 4297 accommodatius,
491 4216 568 4279 nihil
590 4214 629 4281 ad
650 4217 747 4299 prima
766 4215 889 4284 militiae
910 4216 999 4280 huis
1019 4214 1163 4284 tentanda
1186 4215 1266 4295 peri·
