3025 4900
327 311 406 417 148
720 313 1012 403 ceurennum
1063 307 1067 325 '

170 462 377 578 nonanta,
404 487 619 573 ἀποστερήσας
637 463 703 568 Ιμὲν
725 487 789 552 τάν
803 477 900 551 ὄντων
926 483 981 550 καί
1007 473 1132 549 παίδων
1153 485 1208 550 καί
1234 482 1385 569 γυναικὸς,

313 587 364 654 ἔτι
385 590 421 654 δὲ
443 587 497 652 καλ
513 581 651 652 ύδόντοον
672 584 798 668 αύτῶν,
818 589 950 662 πολλοῖς
975 607 1009 649 τε
1030 581 1146 661 αι’κίαις
1161 581 1335 662 καταξάνας
1349 579 1384 647 τά

313 688 424 769 σῶμα,
451 682 507 749 καί
522 685 609 760 τέλος
630 675 734 770 ὥσπερ
753 675 824 748 τινά
847 685 910 749 τῶν
933 682 988 748 int
1003 681 1192 756 δεινοτάτοις
1204 677 1385 746 ἑαλωκότων

314 783 373 870 τὴν
393 780 529 870 παρειάν
556 777 759 857 κατακαύσας
776 777 894 870 σιδάρῳ
913 779 957 857 ὥς
974 783 1056 866 μηδὲ
1075 777 1134 856 τάς
1150 776 1245 856 οὐλάς
1266 781 1385 858 ἐξαλει-

242 962 246 971 .
314 886 437 972 φθῆναι
460 882 638 962 δύνασθαις
652 872 743 956 1ύλοις
769 881 803 946 δὲ
824 880 859 946 τί
875 903 909 944 σε
923 876 956 944 τὸ
973 879 1083 944 πεῖσάν
1102 879 1187 944 ἐστιν
1207 871 1287 964 ύπὲρ
1305 875 1404 942 ἐκεί-5

313 1006 370 1048 νου
398 983 562 1061 δεῖσθαι,·”
582 1029 603 1063 ,,
611 980 647 1044 τί
661 982 682 1044 δ
686 972 742 1043 ’riv
761 975 810 1063 εἴη
819 979 948 1060 μεῖζον”
975 974 1111 1064 ἔφασκεν,
1129 967 1180 1060 „od
1195 977 1345 1058 βασιλεύ,
1367 969 1387 1059 ἢ
1492 983 1493 992 ’

312 1080 368 1148 τᾶν
393 1071 480 1144 aina
496 1080 574 1160 χθὲς
598 1073 653 1142 καί
672 1072 780 1162 πράην
803 1076 838 1140 ἐν
858 1083 921 1152 τοῖς
946 1071 1147 1140 δουλεύουσιν
1171 1071 1274 1161 ἐκείνῳ
1294 1097 1388 1137 τετα-

310 1181 441 1265 γμένον,
468 1179 528 1243 νύν
549 1179 596 1253 εἰς
616 1178 766 1243 τοσοῦτον
785 1167 872 1260 ἥκειν
894 1175 1117 1260 περιφανείας,
1144 1173 1224 1238 θεού
1241 1169 1296 1237 καί
1314 1173 1388 1254 σού,

311 1276 464 1360 βασιλεύ,
494 1274 748 1360 εύηργετηκύτος,
778 1271 822 1350 ὥς
845 1275 900 1337 καί
922 1269 997 1348 τούς
1020 1275 1149 1354 βασιλεῖ
1173 1265 1388 1356 προσήκοντας

248 1426 250 1437 .
278 1370 390 1445 canani
414 1375 501 1458 γένος
525 1374 717 1451 ἐξαιτεῖσθαι
740 1371 921 1452 δύνασθαι,
955 1367 1012 1435 καί
1033 1373 1098 1434 τοῖν
1121 1369 1425 1458 προσύοκοιμένοονιο

265 1491 268 1499 “
310 1472 518 1536 άπαλλάττειν
538 1467 685 1552 κακῶν,·”
708 1465 880 1549 θαυμάσας
896 1468 931 1531 δὲ
952 1465 970 1532 ὅ
993 1463 1143 1550 βασιλεύς
1168 1461 1226 1550 τὴν
1247 1462 1301 1530 ἐπὶ
1319 1471 1388 1542 τοϊς

309 1576 416 1644 κακοῖς
428 1568 603 1652 άμνηστίαν
621 1569 680 1632 τού
695 1562 868 1652 βαρβάρου,
888 1565 939 1648 „ai
956 1563 1052 1648 σύγε”
1071 1560 1132 1650 ἔφη
1153 1565 1313 1649 ,τοσαῦτα
1328 1561 1388 1626 ὕπ’

308 1661 405 1732 αύτού
423 1662 585 1750 ἀδικηθείς
609 1667 664 1730 καί
677 1665 780 1739 κακούς
802 1661 933 1746 παθιύν,
953 1660 1113 1749 βάρβαρος
1130 1655 1174 1726 ὢν
1193 1663 1248 1726 κατ’
1263 1660 1389 1747 φαύλας

307 1761 364 1848 τὴν
382 1759 499 1847 τύχην,
527 1770 592 1838 τοῖς
613 1764 764 1837 ἐναντίοις
783 1761 897 1851 α’μείβη
917 1754 991 1826 ὅσον
1010 1757 1109 1840 ἔξεστι
1125 1760 1222 1824 ποιοῖν
1238 1752 1297 1841 ού,
1314 1751 1388 1822 οὔδ’

308 1864 365 1946 ἐμὲ
387 1864 508 1926 δίκαιον
529 1860 723 1947 μετριώτερα
742 1860 947 1945 ἀδικηθέντα,
973 1861 1106 1942 βασιλέα
1123 1881 1157 1922 τε
1177 1847 1269 1939 ύντα,
1284 1901 1286 1908 ›
1299 1855 1425 1922 cino-15

307 1963 456 2046 ραίτητον
480 1955 622 2045 ὀφθῆναι
640 1953 844 2046 πρόςύργὴν.
880 1960 985 2023 τοίνυν
1014 1959 1069 2022 καί
1089 1957 1143 2042 τῆς
1171 1958 1229 2042 σῆς
1254 1944 1388 2033 ἱκετείας

307 2063 399 2124 ἓνεκα
411 2056 450 2122 τά
474 2057 677 2143 ἡμαρτημένα
689 2060 847 2144 παρορῶν,
867 2049 944 2136 άξιοῑί
959 2051 1389 2141 συγγνώμης.”,εύχαράιτὴ-

306 2182 366 2234 σας
387 2160 423 2224 δὲ
445 2153 462 2220 ὅ
480 2155 639 2244 βάρβαρος
661 2155 716 2221 ἐπὶ
735 2152 876 2238 τούτοις,
908 2156 963 2220 καί
985 2154 1129 2231 πολλάκις
1157 2153 1387 2239 ἐπευφημήσας

305 2254 360 2322 τὸν
380 2258 531 2338 βασιλέα,
560 2256 615 2320 καί
636 2257 786 2341 δευτέραν
812 2256 919 2339 δέησιν
940 2255 1135 2338 προσετίθει,
1161 2249 1196 2316 τὸ
1212 2249 1267 2317 τὸν
1285 2251 1385 2318 ούτὸν

304 2355 383 2438 μήτε
406 2353 460 2438 τῆς
483 2346 573 2432 άξίας
593 2353 846 2439 άποοτερηθῆναι
864 2351 944 2436 μήτε
966 2351 1029 2417 τῶν
1057 2345 1220 2435 προσόδιον
1243 2347 1298 2414 καί
1320 2351 1425 2416 τῶναο

265 2466 291 2519 D
305 2452 431 2537 δωρειάν
449 2455 513 2517 τάν
532 2452 713 2534 βασιλικῶν.
746 2446 853 2541 ἔτιδὲ
873 2454 995 2532 μάλλον
1012 2447 1068 2535 τὴν
1088 2446 1168 2533 ύπὲρ
1192 2447 1252 2514 τού
1271 2441 1387 2535 ἤδικη.

305 2547 393 2625 κότος
407 2546 548 2634 σπουδην
568 2547 741 2631 θαυμάσας
757 2546 775 2612 ὅ
798 2547 967 2631 βασιλεύς,
991 2550 1047 2613 καί
1062 2544 1179 2631 ταύτην
1199 2548 1256 2631 την
1276 2548 1387 2633 δέησιν

306 2643 453 2732 ἐπλήρου.
482 2644 530 2713 ἔτι
554 2650 590 2712 δὲ
615 2642 716 2711 αύτού
738 2642 820 2731 πρὸς
837 2645 911 2723 τούς
935 2646 1034 2723 πόδας
1052 2651 1207 2729 βασιλέως
1228 2648 1385 2729 κειμένου,

305 2742 343 2809 τά
375 2747 429 2830 τῆς
451 2746 633 2829 συγγνώμης
659 2740 828 2831 γράμματα
872 2745 1128 2831 διαχαραχθὲντα
1161 2746 1215 2809 κατ’
1245 2746 1284 2831 τῇ
1321 2748 1385 2826 βα-

305 2846 408 2931 σιλικῇ
443 2844 639 2909 πιοτοιθέντοι
671 2840 762 2929 χειρὶ
790 2839 986 2928 ἒπειλύθησαν
1021 2842 1126 2929 αύτῷ·
1151 2839 1169 2906 ὅ
1204 2842 1240 2906 δὲ
1272 2840 1423 2925 λοβώννθ

306 3017 423 3086 eripuit,
445 3016 539 3071 dentes
555 3018 686 3082 excussit,
705 3018 792 3089 plagis
818 3016 911 3070 multis
927 3034 1023 3089 corpus
1045 3024 1122 3070 tuum
1142 3016 1319 3082 dilaceravit,
1346 3016 1384 3070 ad

307 3098 455 3140 extremum
470 3089 609 3141 maxillam
625 3088 705 3152 ferro,
722 3096 754 3141 nt
767 3088 993 3140 atrocissimorum
1003 3089 1134 3141 scelerum
1151 3087 1286 3152 damnato,
1300 3096 1383 3141 ustu-

306 3157 387 3221 lavit,
413 3176 443 3210 ac
461 3167 596 3227 perpetua
619 3158 744 3209 cicatrice
767 3155 914 3208 deformem
939 3158 1057 3229 reliquit.
1101 3158 1132 3208 In
1158 3174 1277 3221 ramma,
1301 3158 1382 3221 cedo,

307 3226 374 3297 qnid
397 3236 426 3278 te
449 3228 549 3289 movit,
578 3232 610 3276 ut
631 3228 689 3277 eins
713 3242 819 3277 caucam
841 3226 951 3295 ageres?
976 3226 1052 3295 Quid
1071 3242 1134 3279 vero
1151 3229 1252 3290 maius,
1276 3226 1380 3298 inquit,

307 3313 386 3365 quam
402 3298 451 3367 qni
468 3296 551 3365 paulo
568 3302 631 3346 ante
650 3296 679 3347 in
694 3297 776 3346 servis
791 3294 865 3346 illius
885 3296 1053 3358 censebatur,
1076 3314 1137 3349 cum
1153 3315 1225 3349 nnnc
1240 3298 1291 3351 Dei
1309 3314 1380 3349 con-

307 3382 381 3417 cessu
400 3384 430 3418 ac
455 3374 502 3418 tuo
520 3381 632 3417 manere
658 3366 689 3417 in
707 3372 811 3416 tantam
830 3366 978 3417 claritatem
1001 3366 1113 3429 venire,
1137 3374 1167 3418 ut
1187 3366 1380 3437 deprecatione

306 3452 354 3485 eun
371 3438 454 3487 etiam
464 3442 589 3505 cognatos
603 3434 773 3503 imperatoris
787 3432 930 3487 formidato
946 3435 1079 3503 supplicio
1096 3437 1213 3489 eximat?
1234 3436 1379 3489 Admirana

307 3504 465 3570 imperator,
482 3507 521 3556 sic
543 3522 604 3557 eum
625 3504 728 3555 delesse
754 3504 912 3555 iniuriarum
935 3506 1105 3567 memoriam,
1131 3506 1159 3560 si
1176 3513 1220 3568 tu,
1247 3508 1303 3570 ait,
1320 3514 1378 3558 tam

305 3574 402 3643 iniqua
418 3583 445 3625 et
457 3575 569 3627 infanda
582 3574 616 3626 ab
634 3574 681 3625 illo
698 3590 791 3642 passus
800 3610 809 3635 ,
825 3570 905 3625 homo
920 3574 1065 3637 barbarus,
1090 3584 1161 3627 sorte
1179 3577 1303 3638 intimus,
1329 3576 1377 3627 ni-

304 3641 364 3693 hilo
390 3643 478 3693 minus
501 3651 632 3713 quantum
657 3644 805 3706 intecit,
831 3644 902 3694 maia
923 3643 1003 3695 bonis
1021 3660 1195 3714 compensas,
1212 3646 1379 3698 meminors'

304 3728 412 3781 passum
429 3721 457 3763 ct
471 3714 674 3781 imperatorem,
697 3712 891 3765 inexorabilem
911 3714 978 3766 iram
990 3712 1081 3766 fovere
1097 3732 1151 3766 non
1168 3713 1254 3769 decet
1289 3718 1392 3784 Igitur.

305 3782 349 3833 vel
364 3791 391 3833 te
406 3780 579 3851 deprecatore
594 3783 624 3834 in
637 3797 681 3834 me
696 3786 835 3834 commissa
851 3784 998 3853 negligens,
1016 3800 1078 3836 ecce
1094 3785 1199 3837 neniam
1216 3786 1258 3838 ilii
1271 3787 1376 3839 tribuo.

305 3850 379 3923 Actis
399 3852 490 3920 gratiis
514 3860 543 3902 ct
565 3853 663 3903 iterum
680 3853 832 3925 iterumque
856 3852 935 3904 dictis
954 3855 1113 3922 imperatori
1134 3855 1276 3919 laudibus,
1306 3854 1377 3907 bar·-

305 3920 385 3973 barua
406 3920 494 3972 denuo
517 3921 604 3990 petit:
629 3939 726 3992 nempe
749 3931 782 3974 ut
799 3922 870 3974 idem
889 3921 1108 3991 ctrstopedarcha
1120 3942 1171 3977 nco
1183 3926 1305 3989 honore,
1321 3941 1376 3977 nec

305 3988 456 4053 reditibus,
478 4006 528 4041 nec
550 3990 630 4043 bonis
659 3992 839 4062 imperatoriis
870 3992 985 4044 excidat.
1029 3994 1147 4047 Tantum
1169 3996 1290 4049 studium
1310 4012 1339 4047 es
1357 4012 1375 4046 a

273 4091 277 4098 ·
304 4062 417 4112 noxium
438 4060 554 4126 amplius
579 4060 728 4130 cospiciens
748 4065 908 4130 imperator,
938 4062 1020 4113 ctiam
1049 4062 1102 4115 hoc
1127 4068 1238 4133 annuit;
1268 4071 1297 4117 et
1322 4010 1358 4115 ad

304 4127 359 4183 hac
385 4128 419 4183 ad
447 4128 530 4199 pedes
554 4128 613 4181 eins
640 4130 741 4183 iacenti
772 4132 958 4184 testimonium
979 4131 1057 4186 datae
1079 4134 1176 4188 veniae
1201 4134 1232 4188 in
1255 4134 1373 4207 pittacio

302 4208 457 4266 exaratum,
481 4206 526 4263 et,
541 4206 573 4252 nt
602 4206 740 4266 marest,
765 4202 831 4256 adet
858 4217 921 4272 crgo
951 4202 1122 4273 imperatoris
1149 4220 1231 4261 manu
1256 4202 1375 4267 adun,
