3025 4900
455 336 739 404 urstoussunu
769 341 808 400 u.
829 341 881 406 es.
1121 309 1207 422 493
1264 411 1269 422 ,

129 488 406 584 γονήσετακάξίο,
438 485 478 559 ἀν
498 494 654 578 πειθησθε
673 490 756 574 δμοίζ
797 492 897 556 ταῦτα
918 486 1050 572 disistit
1068 481 1091 578 ή
1110 486 1353 577 oripo-Libris!

130 623 188 686 ρον
204 595 352 683 πράττειν
380 589 403 677 ἢ
422 594 469 668 εἷς
488 590 546 677 τήν
565 589 738 676 ὑστεραίαν
757 589 892 669 έξέσται.
932 585 989 655 tir
1015 588 1073 676 γάρ
1096 591 1153 657 ndu
1173 590 1212 656 ἀ-

5 780 13 792 .
129 705 265 782 ναγκαῖα
285 693 479 777 λογιζόμενοι
497 691 701 778 όπέρθησθε,
720 687 829 754 οάιιέθ
849 686 965 769 ὁμοίως
983 687 1131 773 εὑρήσετε
1151 693 1211 772 βα-

130 797 221 861 σιλέα
251 791 362 881 ῥᾴδιον
389 788 468 877 πρός
495 787 553 865 τός
579 787 787 871 καταλλαγάς.
840 788 898 852 έαν
922 809 981 870 γαρ
1004 811 1044 851 τα
1062 810 1212 872 χρηματα

109 893 265 980 ὄδιαδοθή
285 897 350 968 τοῖς
367 891 541 976 τριηρίταις
561 891 617 953 ναί
635 895 703 962 τοῖς
723 878 831 962 ἀλλοις
851 878 1068 970 μισθοφόροις,
1089 883 1122 947 ot
1135 889 1239 966 μέλ-Β

130 1001 221 1058 λουσι
236 992 307 1056 «τοῦ
330 991 486 1073 χειμῶνος
505 987 594 1069 όμᾶς
612 991 806 1072 πολιορκεῖν,
836 977 859 1048 ἀ
885 981 956 1049 νυνὶ
981 981 1131 1065 βασιλεός
1154 987 1213 1066 μέν

129 1091 274 1154 ἐκέλευσε
302 1086 481 1154 διαδιδόναι
508 1094 574 1163 τοῖς
600 1083 748 1166 ταμίαις,
781 1082 842 1166 epu
865 1083 902 1148 δέ
921 1080 1063 1148 tertiora
1084 1080 1216 1146 τουτωνὶ

130 1189 194 1250 τῶν
213 1185 315 1269 λόγοιν
334 1186 440 1268 ἕνεκα,
462 1184 589 1251 δέδοικα
609 1181 654 1268 μή
678 1177 716 1248 ed
738 1181 950 1268 προσδέξηται
969 1180 1027 1266 τήν
1046 1179 1215 1267 πρεσβείαν
1290 1179 1293 1188 ’
1314 1197 1320 1218 ‘

130 1281 210 1365 μετά
230 1285 342 1366 ταῦτα,
363 1280 562 1367 λογιζόμενος
577 1275 683 1366 ὥσπερ
698 1277 791 1364 εἰκός,
813 1278 857 1356 τός
878 1277 1113 1365 παραστήσεται
1130 1278 1215 1360 ὑμᾶς

28 1385 33 1392 ’
92 1385 168 1453 rodo
186 1380 394 1467 ἀνδραπόδων
413 1381 521 1470 μοίρη,
540 1374 635 1468 ἀχρις
655 1373 696 1446 ἀν
715 1375 733 1444 ό
750 1376 868 1465 χρόνος
886 1381 943 1463 τῆς
960 1380 1164 1464 μισθοφορᾶς
1175 1374 1215 1444 ἀ·

131 1485 263 1570 rutum]
270 1534 281 1565 ,
302 1483 357 1547 καί
380 1480 422 1546 τά
442 1480 595 1567 χρήματα
622 1473 821 1564 ἀπολήψεται
849 1474 926 1564 πρός
945 1485 1008 1553 τοῖς
1027 1481 1084 1543 νόν
1103 1476 1159 1543 καί
1175 1478 1214 1544 rel

131 1578 287 1667 πρότερον
307 1576 504 1662 ἀναλαμένα.
544 1575 589 1656 οἷς
608 1571 665 1644 οάν
684 1578 863 1660 ἀναγκαίαν
882 1575 955 1662 πέρι
981 1579 1130 1664 ἐσομένης
1158 1581 1215 1663 τῆς

131 1679 248 1764 βουλῆς
272 1679 328 1744 καί
349 1678 465 1766 τριβήν
483 1681 540 1745 τοῦ
559 1677 678 1765 χρόνον
708 1671 767 1740 edu
797 1675 1022 1757 ἐνδεχομένου,
1041 1675 1163 1758 τειχίοις
1180 1699 1214 1742 τε

133 1772 226 1842 uiroc·
242 1773 433 1859 βουλεόεοθε
452 1777 509 1844 καί
520 1774 653 1863 ήμλντά
665 1776 900 1860 βεβουλευμένα
917 1773 1059 1858 γνώριμα
1069 1775 1217 1840 ποιεῖτε”.
1248 1779 1255 1790 “

94 1879 277 1946 ιὸΤοιαότα
296 1879 357 1960 μὲν
378 1881 530 1956 Λατίνοις
562 1873 579 1941 ό
601 1880 699 1961 μέγας
719 1875 901 1956 δσμέστιιιος
919 1871 1086 1938 ἀπετίθετο
1106 1881 1218 1941 ποιεδν.

133 1973 283 2054 Ντζιοιάν
304 1977 340 2040 δέ
360 1975 404 2052 ὥς
422 1967 537 2063 ἤκουσε
556 1976 709 2060 περὶτοῦ
726 1973 937 2059 παρελθόντος
958 1969 1069 2057 η’νιᾶτο
1086 1968 1246 2058 χρόνους

131 2069 181 2140 ότι
198 2074 244 2160 μή
266 2074 419 2162 πρότερον
438 2077 565 2164 μεγάλῳ
580 2075 751 2162 δομεστάιῳ
767 2077 957 2158 συνεγένετο·
977 2066 1001 2158 ἦ
1019 2070 1081 2157 γὰρ
1100 2065 1139 2137 ἀν
1156 2071 1217 2138 ου’·
1307 2081 1309 2086 ’

130 2172 185 2249 τός
203 2197 239 2238 τε
258 2178 382 2242 πολλῶν
402 2175 583 2261 ἀπήλλακτο
602 2175 706 2240 κακῶν
725 2175 782 2238 καὶ
800 2182 866 2248 τοῖς
887 2166 992 2248 ἀλλοις
1013 2169 1112 2248 αἴτιος
1125 2173 1218 2237 κατέ-

131 2292 216 2356 στη.Ἰ
240 2266 327 2352 ὅμως
353 2275 463 2354 μέντοι
497 2270 635 2358 ἔφασκε,
674 2270 716 2333 τά
752 2273 813 2351 μὲν
843 2273 1032 2355 γεγενημένα
1059 2270 1219 2337 ἀναλῦσαι
1316 2279 1319 2284 “

88 2370 191 2442 αοοάιι
217 2362 300 2434 εἶναι
327 2370 471 2434 δυνατόν.
525 2370 591 2434 δεῖν
620 2369 656 2432 δέ
687 2363 814 2432 οἴεσθαι
848 2371 896 2442 εἰς
916 2365 1066 2434 Φώκαιαν
1085 2367 1219 2436 ἐλθόντα

133 2467 190 2533 καί
207 2476 272 2543 τοῖς
286 2460 393 2543 ἀλλοις
412 2467 511 2553 δήλην
527 2466 584 2554 τήν
595 2464 713 2553 βουλήν
723 2476 845 2548 ποιεῖν,
856 2464 912 2529 καί
929 2468 961 2544 ές
974 2466 1031 2551 τήν
1047 2465 1220 2553 ὑστεραίαν

133 2561 290 2650 steina,
318 2562 460 2633 ἀπᾶσιν
480 2560 521 2632 ἀν
548 2569 637 2655 κοινή
665 2563 783 2645 δόξειεν
814 2566 1038 2650 ἀπαγγέλλειν.
1077 2569 1133 2633 ναί
1151 2569 1222 2633 ἐπεὶ

133 2666 365 2751 ἐπετέτραπτο,
384 2667 430 2745 είς
460 2663 613 2733 Φιόιιαιαν
632 2662 755 2748 έλθιόν,
777 2665 933 2754 Ντεάρδηι
953 2690 986 2731 τε
1000 2664 1135 2743 καὶτοῖς
1155 2672 1221 2731 λοι-

209 2785 253 2843 as.
287 2784 365 2837 Idem
379 2786 428 2859 qul
445 2801 527 2856 supra
545 2782 737 2863 1Ντοιινάρδοε·
774 2786 877 2845 ΕΜ.

138 2884 245 2939 bellum
267 2904 316 2941 ros
340 2890 512 2953 mactaverit,
539 2905 571 2941 ae
595 2888 710 2941 forsitan
738 2886 921 2941 deterioribus
940 2887 1082 2942 mactabit:
1109 2896 1138 2942 et
1154 2896 1223 2960 quot
1251 2888 1276 2909 ““
1313 2884 1316 2891 '

135 2958 255 3010 vicissim
272 2957 346 3010 bona
361 2959 440 3012 robis
478 2976 512 3011 nx
529 2960 734 3032 suppeditatur&
752 2960 804 3021 sit,
831 2960 854 3011 si
873 2976 916 3011 me
933 2958 1100 3013 audiveritis.
1138 2959 1222 3029 Quod

136 3036 229 3079 autern
245 3030 364 3093 suadeo,
381 3030 411 3081 id
428 2976 476 3081 uel
489 3028 590 3093 bodie,
614 3031 657 3081 vel
681 3048 737 3082 eras
765 3030 877 3101 exsequi
901 3030 1036 3099 poteritis.
1072 3031 1179 3083 Etenim
1197 3031 1223 3082 si

137 3099 218 3167 qussi
235 3116 292 3151 non
311 3101 492 3153 necessarium
511 3100 690 3164 distuleritis,
709 3100 901 3170 imperatorem
919 3099 1020 3154 deiude
1045 3100 1078 3153 ad
1097 3100 1221 3152 reconci-
1241 3116 1246 3129 ·

136 3166 281 3221 irationem
298 3188 355 3222 non
373 3169 488 3239 perinde
505 3180 661 3240 promptum
680 3172 835 3225 invenietis.
878 3170 945 3222 Nnnr
970 3174 992 3225 sl
1015 3170 1153 3241 stipendia
1177 3186 1222 3222 re-

137 3236 256 3305 migibus
272 3248 301 3292 et
314 3241 376 3292 aliis
393 3243 578 3303 mercenariis,
595 3242 643 3313 qni
660 3258 708 3293 ros
726 3258 776 3310 per
792 3241 912 3295 hiemem
927 3240 1102 3303 obsidebunt,
1119 3256 1219 3293 nume·
1265 3297 1269 3304 ,

138 3314 197 3359 rata
213 3310 333 3374 luerint,
351 3328 422 3381 quae
440 3312 495 3364 lam
522 3312 713 3383 quaestoribus
733 3313 891 3383 imperavit,
911 3330 959 3383 ego
977 3329 1041 3365 vero
1059 3320 1169 3382 propter
1187 3326 1220 3362 ea

139 3392 210 3447 quse
236 3379 312 3445 dlxi,
335 3399 371 3433 ne
399 3382 498 3435 darent
522 3381 672 3450 prohibui,
696 3383 782 3436 timeo
806 3400 841 3436 ne
858 3391 955 3452 posteo
979 3382 1144 3453 legationem
1162 3398 1220 3433 non

138 3446 283 3515 admittat,
311 3450 383 3504 illud
406 3470 496 3504 secum
524 3462 651 3521 reputans
669 3457 702 3503 nt
718 3459 760 3505 est
778 3452 919 3516 credibile,
937 3469 1016 3521 posse
1032 3468 1078 3505 vos
1098 3452 1133 3504 ad
1151 3468 1218 3502 con-

138 3516 273 3572 ditionem
290 3522 487 3591 mancipiorum
505 3521 638 3591 redigere,
656 3520 720 3574 dum
737 3531 844 3593 tempus
862 3522 984 3576 merendi
1003 3530 1097 3585 exeat,
1116 3529 1145 3574 et
1158 3537 1218 3573 eum

138 3586 236 3653 modo,
258 3600 316 3643 turn
333 3592 399 3643 rliar
418 3594 568 3662 impensam
585 3594 729 3661 pecuniam
748 3594 877 3663 recipere.
914 3594 1008 3663 itaque
1026 3601 1058 3644 ut
1074 3590 1108 3643 de
1125 3606 1219 3643 neees-

138 3658 218 3709 ssrils
241 3660 440 3723 deliberaturi,
473 3668 501 3714 et
527 3669 648 3732 tempore
673 3669 760 3716 moras
780 3682 836 3717 non
857 3665 980 3725 serente,
1004 3662 1220 3734 qsramprimum

139 3730 287 3785 eonditum
305 3731 457 3794 celebrate,
476 3738 505 3783 et
521 3732 603 3784 nobis
621 3732 690 3803 quid
706 3736 857 3787 statueritis
876 3734 1062 3805 signifieatote.
1098 3732 1144 3785 sie
1160 3750 1219 3783 me-

139 3812 208 3865 gnus
229 3798 392 3855 domesticus
411 3802 521 3854 latinos
548 3802 698 3855 admonuit.
733 3806 849 3859 ioannes
873 3812 928 3857 tem
953 3820 1012 3855 sero
1036 3820 1065 3856 re
1090 3820 1150 3855 enm
1170 3803 1221 3855 illo

139 3868 171 3917 in
188 3869 399 3925 collocutionem
421 3874 526 3923 venisse
544 3872 649 3925 doluit:
668 3876 761 3928 multis
772 3874 975 3944 enimproleeto
994 3874 1070 3927 malis
1088 3890 1178 3927 carere
1192 3880 1221 3925 et

141 3935 204 3988 aliis
229 3942 339 3993 carendi
360 3949 497 3993 auctorem
528 3960 586 3995 esse
608 3944 738 4014 potuisse.
783 3946 974 3999 Verumtamen
1000 3946 1146 4015 praeterita
1164 3960 1221 3995 non

140 4010 277 4063 revocari:
296 4020 422 4081 oportere
441 4020 532 4065 eutem
551 4030 581 4066 se
594 4013 727 4082 postridie
745 4017 776 4068 in
794 4015 889 4068 urbem
907 4032 1051 4078 reversum,
1069 4015 1130 4066 aliis
1148 4029 1222 4085 qrro-

141 4093 195 4150 que
214 4077 267 4132 boe
290 4082 412 4134 indicare
435 4084 581 4136 eonsilium
607 4092 636 4136 et
664 4086 787 4137 omniurn
813 4088 961 4139 sententiar
979 4086 1156 4139 communiter
1173 4098 1222 4132 er-

140 4149 259 4221 quirere.
295 4151 442 4206 dunnente
458 4169 555 4222 magno
574 4154 741 4218 domestico,
767 4154 914 4211 Pboeresm
931 4174 1076 4228 regressus,
1093 4148 1220 4205 Odoardo

141 4227 171 4274 et
187 4222 285 4277 ueteris
302 4222 371 4296 qnid
388 4224 412 4277 is
432 4224 587 4279 consuleret
604 4226 737 4297 exposuit.
779 4225 863 4299 Quod
889 4244 948 4281 cum
967 4236 996 4282 et
1011 4226 1078 4297 ipsis
1096 4228 1126 4275 ut
1144 4222 1222 4293 opti-
