3025 4900
495 277 778 345 fflsronmuuu
806 281 848 371 u.
866 281 919 351 ns.
1146 247 1232 353 443

148 435 232 502 πίδα
251 431 355 519 ἔχοντι
383 435 441 520 τῆς
458 435 522 499 τῶν
541 435 651 499 δεινῶν
671 434 875 519 ἀπαλλαγῆς,
894 430 951 515 τῆς
971 433 1031 514 μὲν
1053 434 1112 516 σῆς
1131 425 1303 516 dmm-bc.
1316 439 1383 498 1³30

148 533 293 619 μοσύνης
311 534 386 599 addi
399 531 605 617 ἐπεμνήσθην,
620 533 676 616 τῆς
690 534 726 596 δί
741 533 821 616 ἐμῆς
835 527 912 618 πρὸς
926 530 963 595 οἰ
976 531 1083 616 φιλίας
1097 529 1152 595 καί
1162 554 1241 595 συν-

149 633 267 717 ηθείας
292 627 396 716 ῶσπερ
428 629 527 698 dosa
549 629 762 716 μεμνημένος,
794 627 874 717 άπερ
898 629 969 694 οὐδ’
989 620 1029 694 ἀν
1048 651 1125 692 ποτε
1143 626 1241 704 αότδς

150 726 301 816 ἤλπισας,
322 731 391 796 οὐδ’
408 723 448 796 ἀν
468 723 574 817 ἑτέρου
595 731 738 813 λέγοντος
760 728 891 796 ἰπείθου
910 726 954 805 ῶς
969 725 1018 813 εἴη
1037 722 1157 813 ἀληθῆ,
1174 751 1241 793 τοι-

132 835 238 898 sama
264 829 319 896 καί
349 827 512 915 διενοήθην
536 831 591 894 καί
612 827 807 916 εἰργασάμην
828 828 909 913 ὑπὲρ
933 830 995 892 οοά
1015 823 1070 892 καὶ
1089 819 1126 890 οὗ
1147 823 1243 907 μόνον

149 935 211 996 τοῦ
232 928 446 1015 δεσμωτηρίου
462 926 625 1014 ἀπήλλαξο
647 927 786 992 καὶτῶν
809 930 944 1009 κλοιῶν,
964 925 1065 990 καίτοι
1084 947 1121 1007 γε
1141 919 1242 988 πολλά

152 1033 213 1095 κατ’
229 1022 391 1113 βασιλίδος
408 1031 467 1113 τῆς
484 1030 638 1110 βασιλέως
661 1023 782 1111 μητρός
797 1028 855 1111 τῆς
871 1028 917 1102 εἰς
937 1027 974 1091 σί
989 1027 1137 1111 προνοίας
1152 1024 1241 1087 ἓνεκα

154 1130 358 1212 αἰτιωμένης,
379 1130 435 1192 καί
449 1129 604 1210 βασιλέως
621 1125 721 1192 αότοῦ
752 1126 794 1188 δι’
821 1123 915 1189 οάδίν
938 1117 1090 1210 ἓτερονῆ
1118 1120 1173 1186 διά
1200 1119 1238 1184 τό

154 1227 216 1308 ἐμὲ
239 1223 412 1310 βούλεσθαι
424 1223 520 1306 μόνον
539 1222 598 1310 τήν
622 1217 733 1288 ddecus
745 1222 1006 1308 παρεσχημένον,
1026 1219 1107 1287 ἀλλά
1136 1223 1192 1286 καί
1206 1219 1334 1288 disp-iil

10 1327 15 1348 ¹
114 1347 192 1393 toea
210 1329 276 1392 τῶν
287 1326 397 1391 κοινῶν
413 1320 563 1411 ἀφίλησο
577 1321 685 1405 πολλά,
702 1321 877 1408 προσόδους
887 1346 923 1386 τε
935 1323 1084 1407 παρέχων
1098 1323 1242 1406 δτησιόυς

10 1415 12 1422 ’
155 1428 194 1491 ἐκ
212 1424 341 1514 χοιρίων
368 1427 424 1488 καί
443 1416 583 1509 ἀρχοντο
603 1420 724 1489 πόλεων
743 1419 913 1505 καθιστάς,
934 1419 990 1486 καί
1015 1423 1051 1485 όκ
1069 1420 1130 1485 τῶν
1150 1419 1243 1486 ἰδίων

156 1519 253 1590 οάδὲν
273 1522 417 1590 ἔλαττον·
438 1519 526 1588 άνῦν
546 1525 663 1588 ἕκαστα
682 1521 898 1607 ἀπαριθμεῖν,
919 1520 1042 1604 ἀγεννὲς
1063 1514 1104 1584 ἀν
1121 1518 1170 1605 εἴη
1187 1521 1245 1585 καί

158 1626 313 1705 οὐδαμοῖς
330 1620 420 1707 δγγός
437 1623 494 1686 τοῦΙ
512 1620 666 1706 ἡμετέρου
680 1617 811 1704 τρόπον·
833 1622 931 1686 ἰκεῑνο
945 1621 1077 1700 ἐννοῶν,
1097 1615 1141 1694 ῶς
1157 1613 1242 1682 ουότά

157 1721 200 1789 τά
220 1721 388 1806 πράγματα
408 1716 534 1797 διδάξαι
556 1716 677 1784 δυνατά
702 1712 768 1785 οἷον
784 1716 877 1805 φιλον
895 1717 962 1805 ἰδίη
982 1715 1158 1804 φαυλότητι
1171 1713 1245 1801 τρό-

10 1816 13 1862 ;
116 1816 456 1900 ιδπωνάπολωλεκότι,
470 1819 509 1904 τῇ
524 1817 652 1904 σφετίρ’
671 1816 772 1881 aeros
785 1809 1246 1905 καλοκαγαθίηπάλινόπῆρξεν

10 1927 12 1938 ’
158 1915 410 1984 ἀνασώσασθαι·
440 1915 495 1980 καί
510 1923 689 1981 τελευταῖον
713 1912 776 1980 ἀπό
796 1916 912 2001 μικράς
926 1937 1011 1990 τινος
1024 1910 1079 1977 καί
1100 1908 1247 1990 εάτελοῦς

156 2017 265 2103 ἀρχῆς
279 2018 334 2082 dns*
345 2017 449 2081 πάσαν
460 2017 516 2100 τῆς
532 2011 669 2101 ἓστιόρας
681 2010 795 2100 ἀνῆγον
807 2013 866 2100 τήν
878 2011 1058 2099 ἡγεμονιῶν.
1073 2010 1114 2078 οδ
1130 2013 1160 2076 δ’
1176 2007 1249 2079 ἀντί

156 2115 287 2180 πάντων
317 2111 438 2181 τοότων
466 2114 653 2196 θαυμασίαν
673 2111 745 2178 τινά
769 2112 822 2177 καί
834 2112 976 2196 μάλιστα
999 2111 1051 2176 σοι’
1066 2109 1270 2197 nepaesinae-B

154 2237 222 2278 σαν
239 2214 407 2288 ἀπεδιδους
426 2211 483 2295 την
501 2211 714 2292 άντιμισθάιν.
737 2214 808 2275 δέον
822 2209 882 2295 γάρ
907 2209 1009 2294 ἔργοις
1027 2209 1062 2274 τε
1076 2215 1131 2276 καί
1144 2211 1246 2294 λόγοις

111 2306 326 2395 οσεόεργέτην
343 2305 588 2394 ἀναγράφεσθαι
606 2311 662 2372 καί
674 2311 804 2392 σωτῆρα
821 2311 876 2372 καί
888 2306 1056 2393 κηδεμόνα,
1076 2311 1139 2375 πῶν
1159 2307 1247 2373 ἑποί-

155 2431 204 2486 εις
220 2405 420 2488 τούναντίον,
441 2403 483 2484 ῶς
498 2405 552 2470 tm*
570 2407 719 2488 πολέμιον
737 2405 793 2471 καί
808 2404 908 2471 πολλά
929 2406 1015 2473 δεινά
1041 2409 1247 2495 εἰργασμένον

155 2503 476 2592 παρασκευαζόμενος
498 2507 553 2570 καί
576 2503 889 2592 προσεταιριζόμενος
913 2506 1066 2590 πολλοός,
1095 2508 1140 2583 ῶς
1158 2503 1198 2571 ἀν
1216 2506 1248 2571 εἰ

155 2607 349 2691 βουληθείην
366 2598 476 2691 ῶσπερΙ
496 2604 534 2691 δὴ
552 2601 772 2691 καὶπρότερον
790 2606 910 2673 ἀδικεῖν
939 2610 995 2673 καί
1009 2611 1112 2681 κακῶς
1127 2613 1245 2687 ποιεῖν,

156 2702 331 2790 σάτδςεῖης
344 2702 476 2781 δυνατός
488 2702 668 2787 ἀμόνεοθαι
681 2708 722 2794 τῇ
736 2709 1075 2793 προπαρεσκευασμένη
1083 2706 1247 2792 χριόμενος

157 2856 275 2910 evasisti
293 2864 322 2909 et
337 2864 469 2927 quantum
488 2858 516 2909 in
540 2864 568 2909 te
587 2856 656 2919 suit,
683 2856 754 2909 nihil
779 2855 814 2909 ad
839 2856 960 2910 dolorem
981 2856 1061 2912 nobis
1080 2858 1245 2929 ingeneran-

96 2970 97 2975 ,
158 2928 228 2979 dum
249 2926 378 2995 omisisti;
397 2944 466 2997 quae
479 2944 553 2980 nunc
572 2926 754 2997 exprobrandi
769 2936 876 2996 tempus
891 2945 946 2980 non
962 2936 1016 2993 est,
1034 2944 1094 2980 cum
1115 2946 1146 2980 ea
1161 2926 1246 2979 semel

158 2996 345 3050 condonarim.
381 2998 507 3067 Denique
527 3014 588 3049 cum
611 3000 762 3067 imperante
794 3001 902 3051 seniore
928 2998 958 3051 in
990 2998 1113 3050 custodia
1130 2998 1247 3051 vinculis

158 3069 323 3120 oonstrictus
345 3074 485 3133 tenerere,
506 3068 582 3119 nulio
608 3085 657 3139 spe
676 3068 826 3132 evadendi,
855 3069 964 3123 sceleris
985 3071 1026 3121 tui
1053 3070 1194 3122 immemor
1218 3075 1248 3121 et

159 3139 297 3190 amicitiae
325 3146 434 3190 nostrae
459 3136 733 3211 consuetudinisque,
757 3146 788 3190 ut
812 3139 903 3205 soleo,
927 3139 1105 3205 reeordatus,
1129 3154 1197 3211 quae
1216 3146 1247 3190 tn

159 3226 214 3261 uec
233 3212 409 3277 speravisses,
428 3226 479 3261 nec
498 3207 532 3259 ab
552 3208 607 3259 alio
625 3218 732 3261 narrata
751 3208 930 3274 credidisses,
957 3228 988 3263 ea
1016 3228 1065 3280 ego
1092 3218 1140 3262 tua
1167 3224 1248 3261 cansa

161 3288 191 3331 et
210 3282 326 3349 cogitavi
345 3288 373 3331 et
391 3280 460 3331 ieci:
480 3294 530 3331 aec
548 3279 636 3331 solum
655 3297 669 3332 e
687 3294 793 3332 carcere
813 3287 842 3331 et
859 3281 975 3333 vinealis
989 3290 1015 3334 te
1034 3281 1123 3350 eripui
1138 3278 1248 3350 (quom-

161 3364 245 3421 quam
264 3352 434 3419 imperatoris
453 3357 539 3401 mater
557 3366 616 3402 eam
629 3354 670 3402 tui
687 3366 777 3401 curem
795 3350 824 3402 in
843 3367 885 3403 me
906 3351 1132 3420 reprehenderet,
1151 3359 1179 3401 et
1196 3352 1249 3401 im·

160 3427 270 3489 perator
288 3438 344 3471 non
362 3420 397 3471 ob
415 3418 506 3481 alind,
538 3432 618 3485 quam
637 3419 712 3493 qnod
740 3438 789 3490 ego
818 3420 857 3472 ita
877 3422 991 3484 veliem,
1014 3419 1085 3473 hanc
1108 3422 1249 3473 licentiam

161 3490 251 3559 daret)
269 3491 442 3543 verumetiam
462 3488 496 3541 de
521 3491 632 3558 publico
659 3488 733 3543 haud
751 3508 845 3561 parum
864 3490 917 3542 tibi
935 3491 1043 3561 profui,
1067 3508 1170 3544 annuos
1194 3491 1249 3543 tibi

161 3558 267 3613 reditus
288 3578 302 3612 e
321 3560 388 3611 iocis
407 3562 487 3613 certis
507 3558 702 3627 suppeditans,
728 3561 894 3631 urbiumque
911 3562 1079 3630 praefectum
1096 3570 1124 3613 te
1143 3562 1249 3614 consti·

162 3636 257 3681 tuens:
276 3647 326 3682 nec
344 3634 432 3683 minus
452 3629 486 3683 de
504 3630 570 3681 meis
592 3630 767 3683 facultatibus
786 3632 839 3683 tibi
858 3633 1018 3684 consulens:
1038 3650 1107 3703 quae
1120 3649 1193 3683 nuno
1209 3633 1248 3683 sl-

163 3699 279 3767 giiiatim
298 3718 446 3764 recensere,
466 3719 517 3753 neo
535 3702 683 3769 ingenuum
698 3709 726 3753 et
740 3702 861 3754 moribus
875 3707 942 3753 meis
961 3704 1081 3755 alienum
1100 3711 1178 3755 esset.
1197 3704 1249 3754 Res

164 3766 238 3819 enim
256 3770 328 3837 ipsae
346 3771 443 3825 dooere
461 3779 489 3823 te
505 3780 639 3841 possunt,
657 3772 767 3840 quatem
786 3773 903 3823 amicum
921 3789 981 3825 eum
1000 3779 1047 3824 tuo
1066 3776 1134 3825 vitio
1155 3772 1250 3842 perdi-

164 3836 267 3897 disses,
285 3840 370 3907 ipsius
388 3842 513 3893 bonitate
532 3843 739 3911 recuperaverit.
783 3842 921 3894 Postremo
941 3860 956 3895 e
977 3847 1055 3895 tenui
1075 3842 1249 3914 ignobiliqua

163 3906 333 3977 praefectura
354 3910 388 3963 ad
406 3913 488 3963 totius
502 3912 650 3965 occidentis
669 3915 889 3981 procurationem
907 3920 935 3965 te
952 3915 1074 3983 provexi.
1100 3916 1136 3965 At
1153 3923 1183 3965 tu
1199 3930 1248 3982 pro

163 3978 225 4030 istis
244 3978 369 4031 omnibus
389 3980 576 4035 admirabilem
594 3980 739 4054 quamdam
757 3989 787 4034 et
804 3984 915 4051 ingenio
932 3991 980 4035 tuo
997 3986 1203 4039 convenientem
1218 3984 1250 4034 in

163 4048 259 4115 primis
277 4052 389 4117 gratiam
409 4051 567 4119 rependisti.
604 4053 674 4107 Cum
692 4054 765 4105 enim
783 4070 826 4105 me
838 4053 1060 4107 benemerentem
1072 4062 1250 4108 servatorem·

164 4134 218 4189 que
246 4132 276 4170 ου
306 4126 424 4172 tutonem
451 4129 527 4172 tuum
555 4122 633 4175 dictis
660 4130 688 4174 et
717 4122 797 4176 foetis
822 4125 945 4194 profiteri
963 4123 1121 4187 debuisses,
1139 4138 1248 4190 prorsus

165 4194 259 4245 matra
283 4188 380 4261 egisti,
406 4198 544 4271 umquam
568 4192 598 4247 iu
624 4188 733 4256 hostem
760 4196 986 4254 nocentissimum
1014 4204 1044 4251 te
1066 4196 1201 4256 instruens
1219 4198 1249 4249 et
