3025 4900
572 283 816 349 rnnorsrro.
1216 283 1245 366 9

140 443 176 507 τέ
200 443 261 509 εἶσι
282 443 338 509 κατ’
358 443 593 527 θαυμάζεσθαι
616 445 743 511 δίκαιον
766 447 796 509 el
816 445 851 510 δὲ
867 441 923 510 καί
934 441 1069 508 δυνατὸν
1082 438 1163 508 ιιατά
1172 440 1277 508 τεά-1)

142 566 218 620 τους
232 541 306 620 τούς
325 543 518 630 άνθρῶπους
535 547 660 629 βιῶναι,
682 547 822 610 ἐνταῦθα
836 546 874 630 δὴ
886 545 983 622 πολὺς
996 541 1016 609 o‘
1028 543 1129 628 λάγος,
1152 543 1247 607 τινῶν

140 642 316 721 άξιοάντοιν
336 643 382 728 μὴ
408 635 569 710 δύνασθαι
588 645 629 711 τά
650 646 826 732 πράγματα
851 645 908 711 διά
925 643 1035 722 τέλους
1058 643 1246 728 συμβαίνειν
1255 661 1318 716 m

140 749 209 821 τοῖς
230 747 345 830 λάγοις.
370 739 417 822 οἷς
439 747 474 812 δὲ
495 747 630 832 ἐμέλησε
641 747 773 832 πράξεις
788 747 914 832 άνδρῶν
927 744 1134 831 ἀναγράφειν,
1155 731 1246 820 liele

124 844 262 930 δάρετήν
276 849 333 913 sul
349 847 473 926 κακίαν,
494 846 550 932 τὴν
562 847 622 931 μέν
640 849 728 912 ἐστιν
744 840 887 924 ἑλέσθαι,
904 846 960 930 τὴν
979 847 1014 911 δὲ
1035 851 1158 932 φυγεῖν,
1179 847 1246 917 τοῖς

140 947 295 1026 τοιούτοις
313 947 486 1033 άντιλίγειν
502 947 539 1012 οὖ
548 949 631 1012 πάνυ
650 972 699 1014 τοι
710 946 829 1038 ῥηίδιον,
849 944 899 1012 ὅτι
910 945 955 1031 μὴ
970 952 1143 1031 λογισμοῖς,
1166 938 1310 1012 ditono

140 1046 313 1130 πράγμασι
329 1049 509 1126 πείθουσιν,
532 1040 579 1125 οἷς
600 1049 716 1134 ε’ρίζειν
734 1049 836 1159 μανρά
860 1047 977 1135 σαφής.
999 1045 1044 1124 ῶς
1064 1040 1121 1110 οδν
1137 1041 1178 1110 τά
1187 1041 1239 1127 μέ·

139 1167 237 1228 γιστα
262 1148 385 1234 ὀνήσων
410 1149 465 1214 τὸν
495 1147 696 1236 άνθράπινον
715 1151 803 1233 βίον,
835 1143 874 1212 άν
893 1147 939 1232 μὴ
963 1153 1030 1212 κατ’
1054 1147 1187 1222 ἐλπίδας
1206 1143 1246 1209 τά

142 1252 289 1336 παρόντα
313 1253 394 1338 ἐκβῇ
402 1299 411 1328 ,
443 1251 477 1328 ἐξ
506 1241 550 1314 ῶν
578 1250 645 1315 ἔστι
667 1253 740 1326 τοάς
760 1272 795 1314 τε
818 1245 935 1327 ἄλλους
956 1243 993 1314 ed
1013 1255 1114 1312 ποιεῖν
1134 1242 1246 1312 καὶτὸ

108 1349 266 1416 1οσοίυτοδ
286 1339 457 1434 διασιδζειν
478 1345 568 1436 η’θος,
591 1347 676 1415 iton.

422 1575 779 1642 xrrzronornoz
800 1576 968 1642 nunno..
1083 1557 1086 1562 ’
1257 1625 1317 1680 m

226 1709 382 1796 Ἐπῄνεσα
406 1711 467 1774 aori
486 1705 539 1775 τὸν
561 1707 695 1794 τρόπον,
725 1703 752 1774 ul
775 1709 850 1795 φιλο
874 1713 989 1788 Νεῖλε,
1017 1709 1074 1795 τὴν
1096 1707 1155 1793 σὴν
1176 1708 1277 1776 ἐπι-Β

142 1807 261 1895 στολὴν
283 1810 445 1895 άναγνοάς.
465 1807 500 1874 τό
521 1805 583 1893 γάρ
603 1813 723 1891 μαθεῖν
744 1809 901 1875 ἐθέλεινά
912 1817 977 1888 τοῖς
991 1805 1248 1893 βασιλεῦσιῬα-

140 1913 252 1994 μαίων
275 1909 457 1996 συνέβησαν
478 1910 529 1994 ἐφ’
553 1906 653 1992 ἡμῶν,
673 1909 812 1996 τάληθές
832 1913 917 1976 ἐστιν
932 1911 1051 1977 εἰδέναι
1066 1910 1249 1983 ποθοῦντος.
1299 1898 1307 1912 ”

111 2000 316 2097 15παράδοξα
337 2011 399 2097 γάρ
420 2033 491 2074 τινα
513 2009 569 2075 καί
592 2010 747 2075 άλλάκοτα
770 2011 951 2096 συνέβησαν
977 2011 1026 2075 ἐπ’
1060 2009 1164 2082 αὐτῶν
1193 1995 1277 2091 sall

143 2111 299 2194 οὐδαμῶς
321 2108 502 2197 προσόμοια
524 2118 590 2189 τοῖς
611 2112 665 2177 ἐπὶ
689 2114 753 2177 τῶν
775 2111 939 2197 προτέρων
958 2109 1137 2194 βασιλέοιν,
1169 2104 1277 2170 άλλάἸ
1321 2098 1327 2114 “

142 2213 243 2276 πολάν
263 2236 336 2277 τινα
354 2207 408 2276 τάν
430 2211 612 2295 παράλογόν
637 2211 722 2277 ἐστιν
745 2209 850 2295 eipso
870 2212 904 2276 ἐν
928 2211 1052 2293 αὐτοῖς,
1076 2209 1109 2276 ἔν
1129 2233 1162 2274 τε
1179 2213 1280 2283 ταῖςο

145 2312 381 2398 άγχιστράφοις
401 2313 464 2376 τῶν
488 2297 683 2394 πραγμάτων
702 2315 898 2396 μεταβολαῖς
919 2313 976 2378 καὶ
988 2314 1021 2377 ἐν
1034 2318 1100 2388 τοῖς
1111 2313 1174 2375 τῶν
1193 2309 1248 2374 άν-

144 2411 290 2496 θρῶπιον
312 2406 408 2497 ἤθεσι
430 2409 486 2477 ιιαί
508 2411 602 2494 βιόις,
623 2413 685 2477 τῶν
704 2413 765 2495 μὲν
786 2413 833 2489 εἷς
852 2411 887 2480 τά
908 2413 1009 2498 πάντη
1026 2409 1180 2486 εὐσταθὲς
1194 2407 1271 2483 κατ’,

109 2510 291 2595 θθάιιίνητον
312 2509 368 2575 καὶ
387 2512 547 2595 μηδαμῶς
569 2504 652 2577 εἶκον
672 2520 743 2589 ταῖς
764 2517 959 2598 μεταβολαῖς
974 2514 1038 2578 τῶν
1053 2508 1249 2598 πραγμάτων

144 2602 280 2687 ἑαυτοὺς
299 2610 452 2677 κάλλιστα
474 2610 693 2699 άρμοσάντων,
713 2614 779 2681 τῶν
799 2614 835 2679 δὲ
854 2613 1036 2681 τούναντίον
1050 2611 1135 2677 άπαν
1148 2609 1247 2695 Elpi-

121 2791 219 2861 ¹quod
245 2792 350 2855 sentio,
375 2790 490 2845 morales
515 2796 713 2859 commentarii,
742 2802 878 2865 quotquot
904 2802 950 2848 ant
973 2798 1099 2849 virtutem
1124 2794 1247 2858 elleruut,

145 2868 191 2915 aut
212 2864 388 2915 vitiositatem
408 2866 582 2929 insectantur,
611 2870 717 2935 egregii
741 2884 809 2920 saue
832 2876 894 2921 aunt
911 2875 939 2921 et
956 2870 1136 2921 admiratione
1154 2866 1248 2935 digni:

145 2948 253 2998 verum,
280 2936 419 3003 possintne
445 2934 567 2989 homines
591 2938 624 2989 ad
650 2937 760 2990 illorum
783 2948 928 3007 praecepta
952 2942 1033 2991 vitam
1056 2941 1187 3007 ἐπίγεια,
1213 2937 1248 2990 da

145 3020 178 3057 eo
196 3021 294 3075 magna
310 3008 434 3074 quaestio
453 3015 507 3071 est;
527 3007 701 3061 censentibus
719 3009 870 3079 nonnullis,
890 3026 959 3079 quae
977 3010 1027 3062 snb
1047 3010 1180 3061 actionem
1200 3023 1248 3059 ca-

145 3077 215 3141 dant,
235 3076 461 3146 philosophorum
482 3080 599 3131 decretis
619 3082 757 3148 usquead
777 3080 897 3133 ultimum
917 3095 972 3137 nou
992 3094 1074 3148 posse
1092 3080 1248 3147 exaequari.

144 3148 178 3201 lt
194 3148 294 3217 quibus
313 3150 389 3201 cordi
411 3149 462 3201 fuit
480 3166 521 3203 rea
542 3158 630 3219 gestas
656 3159 682 3203 et
705 3152 777 3205 lacte
802 3151 899 3205 litteris
918 3152 1061 3221 persequi,
1087 3151 1161 3203 unde
1179 3165 1248 3219 quaa

145 3218 254 3272 Ιιοιιειιι
273 3222 385 3273 suntad
411 3222 566 3274 imitandum
594 3222 696 3292 eliges,
722 3239 793 3292 quae
817 3225 921 3291 turpia,
948 3225 1036 3287 vites,
1065 3230 1159 3275 contra
1182 3222 1248 3275 illos

145 3290 234 3344 dicere
253 3292 368 3344 difficile
387 3300 442 3357 est;
473 3294 545 3362 quod
565 3309 619 3346 non
639 3294 905 3361 ratiocinationibus,
932 3298 978 3349 sed
999 3294 1079 3348 rebus
1098 3296 1163 3363 ipsis
1182 3309 1248 3361 per·
1311 3317 1317 3333 ν

145 3364 271 3427 suadent;
303 3380 368 3432 quea
397 3366 572 3435 impugnare,
602 3375 694 3434 aperta
721 3368 827 3421 iusauia
858 3374 907 3419 est.
944 3366 1032 3430 Quare
1052 3374 1081 3419 ut
1105 3366 1247 3434 plurimum

146 3436 213 3487 ritae
238 3435 371 3495 humanae
398 3436 627 3501 commodaturus,
654 3440 677 3489 si
695 3440 848 3505 pmesentia
872 3454 946 3505 spem
968 3438 1139 3504 (fefellerint,
1164 3446 1193 3489 tu
1216 3452 1247 3488 ea

146 3506 191 3557 tibi
210 3509 321 3573 sumito,
343 3522 392 3577 per
410 3522 480 3577 qnae
500 3514 526 3560 et
544 3508 605 3560 aliia
624 3509 790 3575 bonefacius,
809 3519 836 3563 et
845 3512 928 3563 animi
939 3512 1078 3580 ingenium
1092 3522 1249 3564 conserves.

429 3642 773 3748 onnrsrooonus
793 3654 899 3745 nuo
922 3619 957 3747 o.

213 3787 280 3842 Cum
303 3790 433 3859 legissem
453 3791 556 3843 litteras
575 3800 646 3855 tuas,
673 3794 708 3843 mi
734 3792 813 3857 Nile,
838 3792 1005 3861 praeclaram
1030 3792 1149 3846 indolem
1174 3800 1247 3845 tuam

144 3862 306 3928 amplexatus
326 3876 394 3914 sum.
434 3862 499 3915 Nam
523 3863 595 3917 velle
621 3865 726 3917 discere
753 3880 823 3934 quae
845 3874 937 3921 nostra
961 3872 1049 3916 aetate
1068 3863 1246 3918 Romanorum

145 3932 351 4001 imperatoribus
376 3936 540 3999 acciderint,
566 3939 683 4001 optantis
703 3944 742 3988 est
766 3939 824 3990 veri
844 3939 966 3990 notitiam
991 3937 1114 4002 adipisci.
1151 3936 1247 3988 Aduni-

144 4004 239 4057 raltilia
267 4006 403 4072 siquidem
434 4014 461 4060 et
491 4008 612 4061 inaudita
642 4023 772 4075 prorsus,
802 4011 1027 4077 superiorumque
1057 4010 1246 4076 imperatorum

143 4076 249 4128 milvus
266 4076 450 4129 dissimillimo
469 4080 509 4131 eia
529 4088 694 4133 evenerunt:
716 4082 743 4134 in
763 4078 860 4150 quibus
870 4087 982 4148 praeter
1000 4080 1168 4149 opinionem,
1186 4095 1247 4131 eum

143 4149 171 4199 ia
192 4146 286 4199 subitis
308 4165 397 4202 rerum
424 4150 664 4215 conversionibus,
687 4160 742 4203 turu
768 4153 796 4205 iu
822 4150 959 4237 homiuum
983 4149 1103 4235 moribus
1130 4153 1247 4220 plurima
1282 4152 1288 4159 '

143 4221 1246 4363 ttttttttiit.”illititt:'illinistititillanti}
