3025 4900
282 266 365 358 258
660 228 967 336 'messenum
1034 327 1037 335 ‚

140 465 205 526 tc·
216 464 278 532 ¹3²7
287 433 409 532 ἐγένετο
431 431 608 518 καταφανὲς
630 417 704 504 ἐμοί
718 417 752 482 ἐκ
769 415 833 480 τῶν
847 399 984 489 ὲιιλωιιέτΙ

282 541 362 630 μετά
379 541 443 604 τῶν
458 529 535 618 πρὸς
552 527 609 608 ἐμὲ
624 515 783 586 ἐλθόντων
799 505 973 594 ἐρχιερὲαν
1331 559 1356 574 ..

256 643 323 719 Βλιί
338 633 481 710 πολλάκις
492 629 569 712 ἐμοῦ
586 621 759 706 δεηθέντος,
775 604 812 675 ori
824 602 999 692 προσεδέξω
1011 591 1069 678 τήν
1085 585 1219 673 εἰρήνην,
1235 582 1293 646 καί
1304 579 1361 643 νῦν

284 738 428 812 ἐλθόντος
448 720 665 797 induruerat
682 712 856 793 ἁπτομένου
877 725 935 768 σου
955 698 1020 762 τῶν
1035 685 1174 775 γονάτων
1193 679 1249 745 καί
1261 679 1364 744 πάντα

283 835 473 926 πράττοντος
501 819 579 888 o‘s'c'sre
608 814 665 900 τήν
692 807 819 894 εἰρήνην
839 796 937 880 εἶναι,
971 793 1062 861 ου’δέν
1089 787 1209 870 μᾶλλον
1236 777 1385 863 δφήκαςὸ

284 936 340 1021 τ’ής
361 927 463 1017 ὄργής,
485 919 554 990 ἀλλ’
574 911 730 1001 ἄπρακτον
749 903 937 984 ἀπεπέμψω,
957 887 1061 975 ὥσπερ
1082 911 1113 951 τι
1132 884 1242 953 σκεῦος
1261 868 1365 957 ἄχρη-

285 1055 359 1101 στον
379 1018 570 1110 ἀπορρίψας
591 1007 722 1099 ήλπικοις
740 1007 774 1070 δ’
795 1002 849 1067 ἐπί
867 995 926 1081 τήν
946 989 1111 1071 δεδεμένην
1132 967 1367 1069 πάρδαλιν,’ἢν

286 1133 399 1204 ἐλυσας
420 1126 486 1188 κατ’
507 1116 597 1200 ἐμοῦ.
630 1107 700 1177 toust
722 1102 782 1188 τήν
801 1101 860 1184 μὲν
879 1092 1004 1180 εἰρήνην
1023 1082 1077 1151 καί
1101 1075 1177 1153 τούς
1204 1077 1247 1139 δι’
1266 1065 1368 1151 αἰτήν

286 1225 505 1317 γεγενημένους
538 1210 651 1301 ὅρκους
679 1204 885 1290 παραδίδωμι
911 1193 995 1278 θεῷ,
1035 1181 1071 1250 ὃν
1108 1173 1206 1252 αἰνὸς
1236 1165 1369 1254 eduensi·

288 1329 390 1396 πάντα
419 1325 454 1388 δέ
481 1320 525 1406 τῷ
553 1311 653 1380 πάντα
684 1304 813 1377 δικαίως
838 1295 974 1383 κρίνοντι
1000 1279 1132 1355 ἐναθείς
1149 1273 1187 1342 τά
1208 1275 1275 1338 κατ’
1296 1269 1409 1347 ἐμέ,ιο

289 1425 465 1510 άναγκαίοις
484 1411 544 1501 ήδη
560 1407 641 1498 πρὸς
654 1403 714 1472 ,τὸν
734 1401 868 1480 πόλεμον
886 1391 993 1476 χωρῶ.
1013 1383 1152 1464 πέποιθα
1173 1376 1208 1439 δέ
1230 1367 1283 1450 ὥς,
1305 1361 1370 1432 ἐλί-

291 1551 348 1614 γου
377 1513 587 1612 παρελθόντος
615 1505 748 1594 χρόνον,
783 1498 858 1562 οὔδ’
880 1488 975 1564 odric
1002 1479 1164 1570 ἇγνοήσεις
1191 1469 1248 1556 τήν
1273 1463 1372 1550 ἄβου-

293 1625 365 1693 λίσν
390 1618 448 1705 τήν
478 1612 566 1693 νυνί,
594 1609 662 1674 ἀλλ’
690 1607 725 1669 ἐκ
744 1603 807 1664 τῶν
827 1586 1017 1679 πραγμάτων
1038 1581 1145 1648 αἰτῶν
1163 1570 1292 1656 μαθήση
1312 1588 1372 1628 σαν

295 1727 380 1812 φῶς,
413 1719 457 1795 ὥς
483 1706 528 1780 ὧν
555 1711 614 1794 μὲν
642 1701 841 1784 ἀποσχέσθαι
858 1691 943 1771 ἔδει,
973 1688 1076 1750 ταῦτα
1095 1671 1260 1765 προειλου,
1292 1661 1321 1734 ά,
1335 1664 1373 1727 δὲ

271 1823 423 1906 ΰέκρινας
444 1816 630 1888 καταλιπεῖν,
650 1801 767 1870 τούτων
780 1790 820 1881 ἧν
839 1796 959 1877 βέλτιον
974 1783 1107 1870 ἔχεσθαι
1124 1768 1222 1843 παντί
1238 1766 1415 1833 sormunt

294 1921 425 1986 τοιαιίτοι
457 1909 606 1999 βασιλεύς
626 1902 643 1969 δ
664 1901 733 1974 νέος
755 1891 851 1965 εἰπάν
862 1943 872 1974 ,
892 1883 1032 1968 καταβάς
1050 1881 1107 1946 τοῦ
1125 1879 1242 1949 ἵππου,
1273 1885 1374 1950 προσ-

923 1981 1090 2067 *nasutius
1114 1967 1213 2040 καίὃ
1235 1961 1377 2050 Μαρού-

210 2237 219 2244 “
298 2213 355 2300 τήν
377 2209 586 2296 προσκύνησιν
607 2204 738 2284 παρεῖχε
785 2193 802 2279 s

494 2299 505 2322 2
534 2299 540 2320 s

299 2321 373 2386 λους
392 2308 464 2381 τοίς
485 2301 621 2369 onerosi
640 2295 766 2376 τείχους
792 2280 1008 2363 ἀσπασάμενος
1028 2276 1045 2342 ὅ
1064 2269 1229 2357 βασιλεὺς,

301 2433 396 2501 ρησεν
426 2405 564 2481 ἐκεῖθεν,
599 2393 653 2463 καί
671 2385 768 2478 ήλθτν
789 2387 840 2462 ἐἰς
867 2375 1056 2468 Σηλυβρίαν.
1087 2369 1142 2435 καί
1160 2364 1319 2448 διοικήσας
1337 2355 1379 2422 τά
1458 2433 1463 2440 1

305 2501 405 2596 ἐκεϊῇ
427 2500 515 2589 αἰνήν
531 2499 632 2564 ἐδόκει
652 2486 767 2579 άριστα
787 2484 882 2568 ἐχειν,
902 2479 958 2545 καί
975 2470 1113 2561 ἄρχοντα
1133 2453 1300 2549 ἐπιστήσας
1319 2462 1383 2543 Ση-

305 2612 503 2692 λυβριανοῖς,
524 2593 623 2683 ἦλθεν
643 2594 687 2667 εἰς
706 2582 953 2668 Διδυμάτειχον,
973 2566 1150 2639 καταλιπών
1170 2569 1205 2631 ἐν
1225 2548 1385 2647 Σηλυβρίηι

304 2701 583 2792 παρακοιμάμενον
602 2690 655 2759 τὸν
673 2684 884 2766 Ἆπόκαυχον,
904 2675 948 2752 ὥς
968 2668 1007 2740 ἐν
1026 2668 1103 2736 εἴτι
1123 2660 1298 2753 ἀσφαλείαις
1317 2658 1386 2724 ἐνέ-

377 2824 416 2875 s6.
435 2820 485 2872 τοῦ
503 2816 594 2868 ἵππου
613 2814 686 2864 reete
696 2806 751 2863 ΕΙ).
764 2805 791 2860 P.
802 2818 850 2871 pro
864 2786 916 2851 τδν
932 2766 1031 2848 ἵππον.

308 2944 367 2983 sum
386 2940 414 2977 se
433 2919 579 2975 meditatus
602 2912 787 2978 inuidioseque
804 2902 928 2962 molitus,
946 2906 979 2949 ut
995 2898 1091 2966 potest
1109 2905 1143 2941 ex
1160 2879 1317 2953 interceptis
1336 2881 1389 2932 lit-

309 3000 389 3059 teris,
409 3008 474 3064 quus
500 3007 548 3057 per
567 2988 707 3055 episcopos
737 2981 901 3030 revertentes
921 2970 964 3020 illi
979 2964 1096 3019 miserit.
1115 2959 1218 3012 bellum
1236 2952 1387 3015 τεκτονικῆς

312 3078 340 3120 et
360 3082 419 3117 curn
438 3076 516 3129 saepe
539 3058 708 3125 multumque
728 3062 839 3117 rogans,
866 3042 907 3094 uti
925 3056 1017 3110 pseem
1044 3034 1196 3101 occiperet,
1224 3043 1278 3077 non
1297 3026 1387 3090 impe-

311 3140 450 3197 trarit,.et
465 3144 538 3182 nune
558 3142 616 3177 oum
637 3122 690 3173 huc
706 3108 826 3176 veniens,
842 3130 927 3182 genus
946 3113 1003 3162 eius
1022 3104 1159 3171 amplexus
1179 3099 1223 3161 sit,
1243 3104 1270 3146 et
1288 3101 1317 3143 ut
1336 3107 1389 3159 pus

314 3209 523 3263 constitueretur
548 3194 620 3250 nihil
644 3208 700 3243 non
720 3189 849 3245 tentarit,
876 3184 934 3249 ipse
959 3188 1048 3230 tamen
1074 3190 1103 3223 se
1121 3169 1243 3223 nondum
1262 3163 1392 3232 fregerit;

315 3278 363 3330 sed
381 3272 539 3342 supplicem,
549 3282 578 3317 re
595 3263 706 3322 iniectu,
724 3254 859 3309 dimiserit
878 3260 906 3303 et
922 3260 1115 3319 tsmquamvns
1133 3240 1230 3292 inutile
1249 3232 1391 3291 abiecerit,

316 3360 445 3417 spemque
464 3354 537 3393 susm
555 3337 583 3387 in
600 3332 705 3401 parduli
724 3323 885 3384 collocarit,
906 3336 987 3391 quem
1007 3317 1122 3369 solutam
1142 3317 1234 3361 contus
1251 3322 1279 3357 se
1299 3302 1393 3353 immi·
1436 3299 1441 3309 '
1474 3325 1481 3365 f

317 3419 399 3481 serit3
416 3414 479 3466 ideo
496 3422 589 3477 pacem
609 3410 637 3455 et
652 3402 723 3453 dicta
742 3403 852 3466 propter
869 3393 943 3443 illam
961 3392 1128 3439 sacramenta
1145 3382 1204 3431 Deo
1222 3392 1250 3427 se
1267 3372 1395 3425 commit·

321 3495 395 3547 tere,
414 3494 561 3552 perquem
580 3477 667 3525 iurata
689 3469 814 3536 religiose
834 3460 923 3514 adhue
943 3464 1040 3517 serres,
1058 3462 1086 3505 et
1106 3464 1198 3503 omnes
1218 3462 1260 3498 res
1279 3459 1341 3494 suas
1364 3442 1396 3490 in

321 3557 421 3605 iustum
445 3551 565 3603 omnium
588 3542 706 3595 iudicem
736 3536 851 3598 reform
880 3533 989 3600 iensque
1020 3524 1178 3576 necessitate
1208 3514 1396 3570 constrictum,

321 3624 396 3679 bello
415 3636 521 3673 monum
539 3614 685 3683 implicare.
721 3605 863 3659 Confidere
877 3619 921 3664 se,
938 3602 1025 3669 ipsum
1038 3612 1091 3665 quo
1114 3607 1147 3643 ne
1161 3588 1304 3640 amentiam
1320 3596 1398 3632 susm

320 3694 399 3745 brevi
411 3692 578 3760 cogniturum
592 3691 620 3735 et
633 3698 665 3733 es
685 3678 788 3731 eventis
808 3680 1020 3742 perspecturum,
1036 3683 1067 3716 es
1084 3612 1206 3729 elegisse,
1224 3671 1293 3727 quae
1308 3654 1398 3703 uitare

324 3763 465 3829 inprimis,
484 3774 514 3809 ea
535 3754 690 3823 reliquisse,
709 3762 779 3819 quae
792 3752 851 3796 toto
864 3749 975 3813 pectore
992 3734 1135 3804 complecti
1150 3728 1298 3781 debuisset.
1322 3721 1400 3772 llaec

328 3834 408 3895 satus,
428 3830 462 3882 de
477 3843 547 3897 equo
556 3822 707 3877 'descendit'
716 3827 744 3870 et
756 3815 876 3887 quumvis
892 3812 1033 3862 absentem
1051 3820 1128 3856 urum
1143 3802 1196 3851 ritu
1209 3796 1400 3850 eonsuetove-

328 3910 438 3954 neratus
452 3906 509 3950 est:
528 3912 558 3948 se
578 3894 696 3945 Murules
708 3885 823 3959 perinde
838 3884 968 3952 utprius‚
993 3892 1054 3929 cum
1073 3871 1183 3926 silentio
1202 3868 1237 3920 de
1253 3860 1399 3917 moenibus

329 3978 410 4041 eaput
430 3968 454 4021 ei
469 3964 608 4019 summisit
644 3962 712 4015 Aliis
727 3955 826 4011 deinde
840 3957 870 4006 in
885 3967 962 4005 snuro
982 3944 1116 3999 stantibus
1136 3938 1275 4000 salutatis,
1293 3934 1402 3987 disces-

328 4044 380 4109 sit;
400 4041 566 4106 veniensque
587 4032 751 4098 Selybrism,
774 4042 830 4078 rem
854 4022 990 4093 publicam
1010 4034 1059 4070 suo
1081 4011 1183 4067 iudicio
1205 4004 1347 4066 formavit,
1370 4008 1405 4053 et

327 4110 463 4183 preelecta
485 4104 587 4161 ibidem
610 4102 763 4159 declarato,
791 4089 1011 4162 Didymoticlruns
1036 4087 1120 4145 abiit,
1142 4081 1238 4135 relicto
1260 4072 1405 4141 Selybriae

327 4178 489 4255 Apoesuch'o
503 4190 599 4248 magno
611 4166 794 4232 cubiculario,
809 4165 876 4220 utri
895 4160 962 4235 quid
973 4175 1040 4233 opus
1058 4161 1130 4211 esset
1144 4148 1298 4207 securitatis
1320 4156 1406 4196 eruss
