3025 4900
504 335 786 404 ιιιειοιιιιιιιιι
813 344 853 405 ιι.
875 347 906 440 9.
1032 438 1036 449 .
1152 315 1233 432 367

164 481 244 554 δ’ττα
275 483 316 554 dr
334 485 479 573 βοάλοιτο
501 488 617 573 adroic,
646 489 701 555 καί
725 494 784 558 νῦν
812 493 906 561 ου’δέν
933 486 1026 580 ἧττον
1045 494 1126 583 πρὸς
1149 499 1390 590 παλαιούς,

162 589 454 674 παρεσκευασμένος
487 583 576 656 εἶναι.
627 592 680 678 ἐφ’
702 583 742 654 oi
769 593 806 656 di
825 591 947 658 πειθειν
977 597 1037 660 νῦν
1058 599 1243 683 ἐπιχειρεῖς,

140 688 202 753 ὀδ
228 686 339 767 σάζειν
361 686 419 772 την
437 687 628 754 ἀκολουθίαν
653 683 709 755 τὸν
731 690 833 775 λόγον.
858 695 924 757 πᾶν
941 692 1005 778 Ιγάρ
1026 697 1147 761 ἐθέλειν
1171 711 1336 772 ποιιΡΜ

161 795 208 852 εἴν
233 787 332 872 φαίην
359 783 417 870 άν,
453 783 473 852 δ
499 782 536 851 ov’
558 788 599 850 δι’
624 787 681 868 ἐμὲ
708 782 748 853 άν
772 788 927 872 γίγνοιτο,
957 788 1010 856 διά
1037 795 1073 858 σὲ
1099 795 1145 858 δέ·
1172 794 1247 881 περὶ

139 877 201 950 eoi
216 888 252 950 δὲ
277 889 333 952 νῦν
360 885 376 952 ά
402 883 492 971 λόγος
515 888 556 951 δι’
582 886 638 967 ἐμὲ
654 877 759 968 ὄντος,
786 881 824 952 οδ
843 889 962 954 δίκαιον
984 884 1053 954 οὐδ’
1077 891 1245 975 α’ναγναῖον

159 985 205 1061 εἰς
225 983 326 1050 πειθά
353 986 495 1076 τῷλόγῳ
516 987 669 1070 χρῆσθαι,
700 979 803 1060 άλλως
826 992 942 1079 reluat*
965 987 1065 1055 αάτδν
1091 989 1243 1070 άσαάτεος

160 1083 355 1167 διακείμενον
383 1089 458 1170 περί
484 1087 540 1168 ἐμὲ
562 1082 617 1149 καί
638 1093 704 1162 τοῖς
733 1083 854 1166 ὁμοίοις
878 1085 934 1152 καί
952 1086 1057 1155 ,αάτδν
1083 1089 1245 1174 χριόμενον

158 1183 272 1266 λόγοις,
291 1179 346 1248 οὖν
360 1177 488 1270 τάλογον
504 1181 580 1270 πρὸς
597 1183 654 1265 ἐμὲ
670 1187 729 1264 μὲν
745 1185 879 1271 ἰσχυρὸν
905 1183 959 1252 τὸν
977 1184 1068 1269 λόγον
1087 1188 1243 1272 ἡγεῖσθαι,

158 1279 239 1368 πρὸς
255 1287 292 1348 σὲ
315 1286 350 1349 δὲ
367 1281 411 1368 μη
437 1282 600 1350 δύνασθαι
615 1278 655 1347 τά
676 1280 740 1346 ἴσα.
772 1286 803 1348 εἰ
817 1287 839 1347 δ
845 1290 855 1316 ’
873 1286 907 1349 έν
925 1278 1114 1371 άμφοτέροις
1129 1283 1243 1368 ὁμοίαν

118 1378 225 1464 rodger
243 1381 300 1466 τὴν
320 1380 436 1466 ἴσχον,
459 1384 578 1447 δίκαιον
596 1382 652 1447 καί
673 1385 709 1446 σὲ
728 1405 744 1444 ο
765 1385 886 1464 μᾶλλον
906 1382 967 1466 δγά
980 1383 1243 1470 βοάλομαι-ποιῆὲ

156 1505 227 1564 σαι,
248 1473 349 1558 άλλως
369 1481 477 1546 τεκαὶ
494 1483 568 1567 περί
607 1480 687 1564 ἐμοῦ
709 1483 768 1545 τοῦ
786 1482 975 1566 ζητουμένου
999 1474 1097 1558 ὄντος.
1131 1481 1243 1549 Torta

156 1603 222 1648 των
244 1578 283 1664 δή
305 1605 397 1645 τινων
414 1579 470 1645 καί
485 1579 637 1646 πλειόνων
653 1575 771 1666 ἑτέραν
788 1578 867 1666 πρὸς
886 1576 1038 1665 ἀλλήλους
1061 1582 1240 1667 εἰρημένων,

157 1682 313 1761 βασιλέως
328 1681 389 1760 μὲν
406 1681 640 1764 ἐπιχειροῦντος
660 1678 784 1742 πείθειν
811 1681 962 1762 δέχεσθαι
982 1678 1042 1765 την
1065 1678 1268 1763 βασιλείανῶ

156 1779 216 1842 τοῦ
240 1775 378 1860 μεγάλου
400 1778 584 1858 δομεστίιιου
611 1780 648 1843 δὲ
671 1777 748 1862 μήτε
768 1781 959 1860 βουλομένου
980 1777 1063 1865 μήτε
1089 1779 1240 1860 πειθομέ-

119 1887 231 1955 ι5νου,
256 1872 290 1941 τά
310 1877 367 1940 νῦν
389 1879 448 1957 μὲν
470 1873 544 1958 ἕχον
568 1875 775 1961 διελύθησαν,
806 1868 872 1940 οὔτ’
899 1871 1175 1964 άπαγορεάσαντος
1192 1876 1238 1950 είς

153 1975 243 2049 τέλος
269 1977 439 2056 βασιλέως,
476 1966 549 2040 οὔτε
579 1976 637 2040 τοῦ
661 1978 799 2060 μεγάλου
827 1977 1010 2056 δομεστάιου
1036 1975 1238 2058 ἀποσχέσθαι
1333 2057 1338 2066 Ι

152 2075 211 2137 τοῦ
229 2069 413 2156 πράγματος
432 2081 539 2138 πεῖσαι
564 2075 750 2158 δυνηθέντος
773 2075 915 2157 βασιλέα
957 2074 1106 2157 βασιλεὺς
1122 2075 1158 2138 δὲ
1175 2072 1236 2136 od-

152 2167 209 2236 τάν
230 2167 331 2246 οὕτως
352 2166 582 2256 ἀνθιστάμενον
603 2173 705 2259 δρῶν,
736 2175 802 2240 δεῖν
829 2171 908 2256 ἔγνω
929 2169 985 2236 καί
1008 2167 1135 2257 ἑτέρους
1159 2168 1237 2257 πρὸς

153 2267 255 2334 πειθώ
281 2275 493 2356 παραλαβεῖν,
519 2269 635 2347 εἴποις
656 2273 807 2356 δυνηθείη
830 2273 871 2335 δι’
893 2271 1000 2336 αάτῶν
1018 2261 1238 2347 πεῖσαίδέξα-

112 2372 234 2440 αοσθαι
259 2366 317 2453 τὴν
332 2369 520 2453 βασιλείαν,
550 2373 605 2434 καί
627 2367 817 2453 παραλαβών
842 2365 1047 2458 Ἀνδρόνικον
1067 2365 1123 2435 τὸν
1138 2363 1237 2434 Ἀσά-

155 2492 230 2553 νην,
252 2457 327 2533 ὄντα
343 2470 401 2532 τοῦ
417 2467 554 2552 μεγάλου
572 2469 754 2549 δομεστίκου
773 2467 946 2554 πενθερὸν,
973 2466 1029 2531 καί
1043 2467 1098 2533 τάν
1114 2491 1237 2555 πρωτο-

154 2564 308 2652 οτράτορα
326 2563 526 2650 Συναδηνὸν,
555 2568 611 2633 καί
631 2564 731 2630 adrat
755 2565 893 2651 μεγάλου
914 2566 1098 2649 δομεστίκου
1121 2563 1237 2653 παράν-

153 2688 227 2749 τος,
256 2664 334 2747 μετά
358 2662 394 2729 τὸ
421 2668 629 2749 διαλεχθῆναι
656 2663 734 2751 περί
752 2690 845 2731 τινοιν
869 2660 985 2751 ἑτέραν
1008 2665 1086 2749 πρὸς
1112 2660 1237 2746 αι’ποάς,

153 2756 214 2850 ἤδη
237 2762 384 2852 καὶπερὶ
404 2766 460 2831 τοῦ
482 2766 686 2853 προκειμένου
703 2767 1006 2851 προοιμιαζομένου,
1027 2760 1045 2826 ά
1063 2764 1161 2847 μέγας
1177 2764 1260 2843 cio-c

151 2972 211 3010 rum
229 2972 298 3029 ιριιε
316 2956 365 3010 iiie
382 2958 451 3011 velit
470 2959 569 3022 omniu,
587 2962 617 3010 et
634 2955 662 3008 iu
680 2970 806 3026 praesent
820 2954 909 3008 nihilo
927 2956 1017 3009 minue
1034 2956 1068 3011 ud
1080 2955 1134 3010 hoe
1146 2958 1237 3027 iprum

150 3036 272 3096 puratum
296 3044 364 3079 erre.
403 3030 531 3081 Ceterum
555 3028 629 3100 quod
648 3026 729 3081 modo
746 3046 763 3079 ιι
780 3043 809 3079 re
827 3034 939 3079 conetur
961 3028 1124 3095 impetrare,
1149 3028 1178 3078 iu
1202 3042 1236 3079 eo

150 3114 207 3151 uon
217 3098 272 3150 dici
286 3098 469 3156 cohaerentia.
505 3098 605 3150 Omnia
621 3100 694 3150 cuim
711 3104 836 3167 prompte
853 3112 897 3148 me
909 3106 1096 3149 exsecuturum
1111 3098 1237 3159 dixerim,

151 3169 253 3239 iuquit,
271 3185 340 3241 quae
353 3186 409 3221 ιιοιι
425 3177 537 3240 propter
553 3183 607 3231 me,
623 3168 671 3221 red
690 3176 844 3239 propterte
862 3168 935 3221 flant.
971 3167 1040 3220 Cum
1051 3185 1132 3237 porro
1145 3166 1182 3229 id,
1201 3166 1236 3219 de

151 3254 207 3307 quo
228 3256 301 3291 nunc
318 3240 469 3291 'sermonem
488 3238 636 3302 habemur,
654 3249 766 3309 propter
787 3255 831 3291 mc
849 3240 894 3300 rit,
920 3255 1011 3309 neque
1028 3240 1135 3291 iustitia
1161 3238 1237 3299 riuit,

150 3324 241 3378 neque
253 3312 400 3363 uecerritur
419 3310 523 3379 flagitat
542 3310 691 3395 quidquem
712 3319 740 3361 te
759 3310 903 3361 verborum
921 3310 1037 3377 emplius
1053 3307 1237 3378 percursionir

151 3392 214 3449 ergo
231 3380 366 3450 proloqui.
403 3378 470 3432 Nom
488 3380 552 3451 quie
571 3388 601 3431 tu
618 3388 656 3431 rto
671 3384 781 3432 effectur
802 3396 830 3432 er
848 3396 909 3449 erge
927 3394 983 3439 ure,
1004 3386 1035 3429 ut
1051 3395 1101 3447 ego
1120 3394 1180 3446 erge
1198 3386 1237 3440 tc,

151 3456 180 3501 et
195 3448 268 3503 idem
288 3450 362 3521 quod
380 3465 429 3518 ego
448 3450 601 3519 profiterir,
624 3467 680 3503 uon
700 3458 742 3503 εει
759 3449 907 3502 occandum
924 3450 1057 3501 rationem
1074 3450 1237 3511 existimare,

151 3522 300 3573 emtionem
313 3529 386 3571 tuom
403 3519 476 3589 opud
493 3536 536 3571 me
550 3520 641 3571 coiere
655 3520 765 3584 debere,
783 3536 871 3571 meum
886 3515 958 3588 opud
976 3525 1004 3570 te
1021 3536 1076 3570 uon
1095 3520 1171 3574 item.
1207 3517 1236 3570 Si

149 3590 235 3657 igitur
249 3592 278 3641 in
293 3598 409 3658 utroque
421 3588 534 3641 eandem
548 3589 602 3639 vim
614 3586 698 3640 hebet
708 3590 835 3660 idemque
845 3590 927 3650 volet,
944 3587 1023 3639 decet
1035 3596 1066 3639 ut
1079 3596 1109 3639 tu
1126 3606 1180 3659 quo
1220 3604 1237 3641 c

150 3660 224 3729 quod
239 3676 288 3727 ego
301 3660 403 3719 malim,
420 3658 449 3709 id
465 3664 593 3725 praestes,
611 3673 671 3707 cum
685 3661 841 3727 praesertim
854 3660 889 3711 de
904 3659 995 3709 merit
1009 3661 1157 3727 negotium.
1209 3660 1233 3711 ir

149 3737 180 3781 ct
192 3728 316 3797 piuribur
330 3728 402 3779 uitro
416 3728 540 3796 citroque
558 3724 647 3786 dietis,
666 3727 827 3797 imperatore
842 3728 872 3781 id
889 3736 994 3799 egente,
1010 3738 1041 3780 ut
1054 3746 1115 3781 eum
1130 3729 1164 3781 ud
1181 3731 1235 3781 im-

147 3798 222 3869 perii
233 3799 389 3849 societatem
402 3794 593 3864 capessendum
609 3796 761 3861 induceret,
773 3816 868 3869 muguo
886 3815 949 3851 vero
962 3797 1110 3852 domestico
1125 3816 1234 3868 prorsus

148 3868 297 3930 ubuueute,
311 3870 341 3919 iu
354 3883 480 3936 pedereus
496 3867 608 3933 digressi
624 3876 700 3919 ειιιιιι
718 3886 778 3924 οιιιιι
792 3886 842 3920 uec
853 3870 926 3921 iiiee
947 3886 988 3921 em
1001 3872 1112 3922 omuino
1128 3871 1234 3922 obiice-

147 3948 204 3993 ret:
224 3954 274 3989 uec
290 3936 335 3990 hie
346 3946 451 3991 tuntum
464 3938 576 3998 voleret,
595 3944 626 3988 ut
643 3954 658 3987 a
674 3941 810 3990 sententio
829 3940 906 3990 iilum
921 3886 945 3989 δ

148 4026 213 4079 crgo
225 4008 293 4061 odeo
309 4009 491 4062 reiruetarium
508 4009 663 4077 imperetur,
681 4008 749 4059 uiior
762 4010 874 4077 inouper
886 4012 916 4061 in
926 4017 1029 4079 partem
1040 4011 1142 4063 trborir
1151 4009 1233 4061 huius

146 4096 243 4131 vocare
263 4080 376 4139 ututuit,
400 4080 422 4130 ri
442 4076 511 4131 sorte
529 4096 578 4147 per
595 4094 641 4130 eor
659 4076 733 4147 quod
750 4078 860 4131 volebat
885 4091 1103 4150 consequeretur.
1150 4073 1239 4148 igitur

147 4149 334 4202 Andronicum
351 4149 479 4212 deenen,
506 4150 592 4216 ipriur
612 4164 749 4211 cocetum,
776 4158 805 4201 et
821 4158 1043 4219 protoetmtorem
1062 4148 1235 4217 Synedenum

148 4221 278 4273 ιιιιιιιιίιι
295 4216 500 4291 domesticoque
516 4234 606 4272 eorum
618 4226 771 4289 premente,
787 4228 932 4291 ροιιριιεαι
947 4237 1031 4291 rupee
1042 4220 1104 4273 otiis
1116 4216 1237 4270 nonnul·

941 3947 1103 4010 etorquerct
1132 3939 1235 3991 Vident
