3025 4900
262 291 388 353 xxvrlt
683 287 708 348 l.
744 283 923 352 rourum

262 459 367 538 ovium
389 451 586 540 septuaginta
597 451 704 516 millia.
760 453 808 517 Ut
819 457 881 518 iam
894 477 957 518 non
976 458 1035 536 sit,
1053 481 1110 522 cur
1122 477 1229 544 greges
1244 473 1276 523 et
1298 451 1356 523 ετξ

261 568 364 621 menta
385 555 466 620 illius
479 555 536 617 lob
556 557 712 618 miremur.
758 555 876 618 Verum
897 559 955 620 ista
976 559 1058 642 apud
1083 561 1174 624 urbes
1196 559 1353 624 Thmoiae

261 678 325 719 noo
357 675 474 736 mam,
499 653 552 716 sed
566 652 668 739 plures
685 652 828 737 possedit.
877 656 958 719 Vide
985 656 1039 726 lib.
1065 659 1096 722 3.
1124 681 1192 742 cap.
1215 657 1270 738 ai,
1297 661 1354 721 ubi

261 759 325 835 ait,
345 755 403 817 sibi
419 765 484 817 toto
497 756 624 838 imperio
637 755 775 815 Romano
785 775 916 837 sparsas,
940 777 1050 839 easque
1069 759 1232 820 immensas
1249 761 1355 843 copias

264 866 356 938 atque
368 874 450 936 opes.
491 853 533 915 Et
547 856 637 916 inst
649 851 699 920 36.
739 853 768 915 E
788 853 965 937 supellectili
986 877 1077 918 aurea
1096 868 1127 918 et
1139 869 1285 940 argentea
1300 879 1355 919 su-

264 973 322 1037 pra
338 951 466 1016 ducenta
479 968 552 1018 vasa
572 965 679 1021 mutuo
693 951 748 1016 det
758 951 892 1036 palatio,
914 955 1012 1040 capite
1023 957 1168 1042 vigesirao
1186 969 1312 1042 quarto.

681 1135 938 1160 Μ

702 1302 917 1367 ELOGU·

347 1449 417 1519 Lo.
440 1467 467 1514 r·
487 1469 552 1533 cap.
575 1446 627 1510 58.
668 1446 864 1515 Andronicus
890 1450 992 1516 senior
1021 1448 1086 1514 eius
1104 1407 1302 1536 pmdentiam
1322 1455 1356 1514 tu

266 1550 367 1614 dando
387 1547 512 1612 consilio
542 1547 728 1632 admiratur,
762 1569 855 1634 seque
877 1551 913 1617 in
938 1547 992 1619 illo
1010 1552 1060 1613 avi
1081 1556 1215 1614 materni
1245 1553 1356 1635 imagiss

262 1649 467 1713 nemintueri
488 1660 661 1729 asseverat,
681 1651 734 1736 qui
754 1660 819 1714 tam
838 1649 977 1716 celeriter
994 1652 1178 1734 arripuisse,
1199 1662 1268 1714 tam
1285 1663 1359 1736 apte

267 1749 461 1833 explicasset,
481 1759 514 1814 et
531 1749 734 1833 promtissime
752 1750 959 1833 transegisset,
988 1769 1133 1833 quaeres
1152 1750 1358 1833 postulasset,

266 1860 303 1912 ut
322 1851 479 1933 statuerit,
500 1849 525 1910 si
546 1845 659 1930 absque
678 1868 850 1912 successore
868 1869 905 1910 en
933 1869 966 1911 se
984 1857 1056 1912 nato
1073 1859 1262 1929 moreretur,
1284 1871 1357 1911 sua-

267 1948 340 2011 dere
377 1945 572 2033 proceribus,
605 1947 693 2010 illum
720 1957 791 2010 ante
826 1945 903 2009 alios
927 1948 1141 2031 imperatorem
1171 1947 1358 2032 eligendum,

269 2046 494 2110 Animadvertis
524 2049 635 2130 igitur,
665 2045 908 2108 Cantacuzenum
933 2047 1062 2130 imperio
1085 2048 1211 2130 fflgnum
1237 2049 1358 2110 iudica·

268 2157 358 2226 tum,
379 2145 405 2208 si
425 2167 517 2209 avum
537 2147 602 2208 eius
620 2145 786 2225 iudicavit,
814 2147 902 2209 caius
921 2147 954 2211 in
973 2147 1041 2229 ipso
1059 2165 1232 2236 expressum
1254 2169 1289 2210 se
1307 2150 1358 2210 iu-

266 2245 346 2306 tueri
366 2243 561 2306 simulacrum
581 2241 733 2306 confessus
753 2254 811 2305 est.
1410 2299 1414 2306 ,

352 2346 502 2428 Gregoras
529 2341 609 2406 libro
629 2361 710 2406 nouo
739 2343 779 2405 de
798 2342 915 2406 eodem
964 2341 1070 2406 Ceteri
1098 2343 1158 2406 iilo
1182 2346 1360 2408 mutatione

268 2441 354 2506 uelut
376 2443 474 2507 multo
498 2463 584 2507 mero
612 2443 693 2507 ebrii
707 2441 881 2505 insolenter
900 2440 1038 2527 fortuna
1063 2458 1137 2507 sunt
1152 2444 1254 2509 abusi.
1297 2445 1361 2508 Ille

271 2558 383 2607 contro
406 2544 546 2607 naturali
561 2542 734 2627 prudentia
759 2556 792 2605 et
805 2564 917 2625 magno
942 2544 1069 2623 ingenio
1091 2558 1245 2618 ornatus,
1269 2542 1364 2606 sead

269 2656 413 2705 ossemm
426 2643 693 2727 praestantiorum
710 2644 854 2705 virorum
873 2662 976 2705 mores
996 2640 1214 2725 conformabat
1234 2655 1269 2705 et
1289 2664 1361 2704 mo-

269 2742 454 2827 gssificsntia
469 2761 592 2804 morum
612 2754 643 2803 et
666 2743 766 2804 animi
787 2740 987 2803 iiberalitate.
1027 2740 1154 2804 Etcum
1170 2754 1245 2802 tunc
1260 2761 1314 2803 res
1329 2741 1362 2802 ei

268 2840 409 2925 feliciter
428 2842 667 2915 successissent,
676 2839 844 2924 fortunam
858 2861 923 2903 non
942 2840 1113 2920 lacessivit,
1134 2860 1234 2923 neque
1247 2844 1361 2902 immo?

183 2958 190 2969 '
264 2940 342 3009 ,dice
362 2939 564 3024 supercilium
584 2942 723 3003 arrem'ts
744 2938 804 3001 sed
820 2952 941 3001 retenta
960 2940 1059 3001 ammi
1076 2940 1240 3020 gravitate,
1272 2940 1360 3000 intra

271 3037 444 3103 modestiae
462 3038 585 3101 limites,
599 3040 746 3102 immotus
766 3038 892 3100 mansit.

355 3138 488 3200 Rursum
508 3137 563 3198 lib.
591 3156 637 3199 so.
678 3138 753 3200 Hac
773 3140 916 3199 oratione
935 3134 1137 3221 confirmati,
1157 3149 1360 3199 omnesstre·

273 3256 334 3298 nuo
370 3258 407 3299 ao
441 3234 577 3319 sortiter
601 3235 704 3297 lsostcs
726 3236 917 3304 invaserunt.
958 3236 1111 3321 Inprimis
1130 3255 1209 3297 asro
1229 3254 1363 3315 magnas

275 3334 463 3397 domesticus
478 3335 721 3407 Cantaouzenus,
742 3336 799 3419 qui
810 3334 918 3396 multis
937 3335 1074 3407 ensibus,
1095 3334 1202 3396 multis
1220 3334 1292 3395 telis
1305 3334 1361 3394 no·

274 3434 369 3497 stium
387 3434 505 3516 petitus
526 3446 618 3519 atque
650 3434 820 3517 impulsus,
845 3436 912 3518 ipse
932 3434 1062 3518 quidem
1079 3434 1235 3517 plurimos
1254 3432 1360 3493 hostes
1461 3440 1469 3451 '

272 3534 464 3619 prostravits
485 3532 543 3593 sed
560 3552 659 3616 neque
680 3532 811 3617 clypeo,
832 3552 930 3617 neque
949 3530 1060 3613 gladio
1082 3533 1213 3610 amisso,
1236 3524 1357 3592 incolu-

276 3634 334 3695 mis
356 3654 373 3694 e
396 3631 519 3716 praelio
540 3634 663 3711 euasit,
695 3632 782 3695 uelut
814 3633 1026 3713 agglutinatus
1056 3644 1148 3716 atque
1176 3629 1300 3717 inflatus
1327 3649 1357 3690 e-

277 3754 350 3819 quo.

359 3832 402 3893 Et
421 3830 499 3893 libro
522 3830 691 3893 undecimo.
733 3831 824 3894 Adeo
845 3850 1029 3912 magnorum
1048 3848 1179 3913 operum
1196 3826 1358 3907 ingeniose

277 3930 427 4015 effectrix
448 3934 553 4013 magni
564 3930 727 3993 domestici
746 3934 945 3994 taciturnitas
963 3930 1082 3996 extitit.
1119 3928 1202 3989 Nasn
1221 3924 1358 3985 aliorum

277 4028 406 4113 quidem
433 4030 528 4091 verba
555 4031 683 4093 umbrae
710 4044 831 4092 tantum
851 4042 922 4090 sunt
943 4048 1091 4111 operum,
1112 4023 1208 4087 simui
1226 4036 1357 4105 mauce

278 4133 384 4211 lingua
402 4128 595 4215 prodierint,
617 4133 800 4193 morientes:
821 4130 887 4192 oiri
906 4140 1011 4191 autem
1031 4128 1124 4189 taius
1145 4124 1240 4186 etiam
1260 4119 1356 4182 silen-
