3025 4900
303 274 389 380 480
699 297 978 371 climacum!

152 463 225 524 ec
238 453 376 534 ιλδλλεῦς
397 456 434 522 δέ
455 455 625 542 πρεσβείαν
636 453 716 542 πρὸς
734 453 900 542 Σαρχῦνην
924 455 1074 540 πέμψας,
1100 453 1136 532 ῦς
1155 447 1238 544 ἦρχε
1257 461 1319 544 τῆς
1332 459 1383 524 ἕω

295 556 352 639 τῆς
369 549 450 618 κατὰ
466 552 524 637 τήν
540 551 713 637 Φώκαιαν,
731 551 871 632 σπονδὰς
893 551 982 620 ἔθετο
1010 551 1090 642 πρὸς
1108 553 1206 621 αὐτὸν
1222 553 1280 620 καί
1291 581 1382 638 συμ-

298 651 442 734 μαχίαν,
472 646 552 716 orions
573 653 742 738 Σαρχάνην
768 653 829 734 μὲν
854 653 1035 736 ἐπικουρίαν
1055 657 1182 735 βασιλεῖ
1197 662 1380 738 παρασχεῖν

293 746 390 834 πεζήν
408 773 443 814 τε
460 752 517 816 καί
540 747 688 835 ναυτικήν
702 747 780 838 πρὸς
797 747 853 837 τήν
869 752 924 835 τῆς
942 751 1092 828 Φωκαίας
1114 749 1169 816 καί
1187 751 1380 838 Μιτυλήνης

196 845 495 934 ἰολλπολιορκίαν,
534 851 667 930 βασιλέα
687 851 722 916 δὲ
746 848 803 915 adv
826 851 925 913 παῖδα
950 847 1100 936 Σαρχιίνη
1125 848 1283 932 Σουλιμὰν
1320 850 1399 916 καὶὸ

292 943 366 1022 τοῦς
385 945 514 1023 λοιποῦς
529 947 645 1024 παῖδας
664 949 726 1013 τῶν
742 951 899 1034 Περσῶν,
915 947 948 1014 ol
963 943 1041 1013 aurci
1062 947 1213 1014 Φώκαιαν
1239 951 1273 1014 έν
1292 971 1377 1035 προ-

295 1044 437 1130 σχήματι
453 1040 580 1132 ὁμήρων
597 1045 827 1133 ἐφρουροῦντο,
852 1047 1047 1132 ἐλευθεροῦν.
1090 1043 1200 1134 οῖχῦιρ
1226 1047 1272 1122 εἰς
1296 1043 1376 1111 Φό-

295 1169 391 1210 καιαν
412 1145 448 1210 έν
464 1146 496 1208 Γ
491 1141 619 1220 εννοῦας
638 1149 774 1211 Λατῖνοι
796 1141 877 1234 δόλῳ
902 1141 1062 1226 Σουλιμὰν
1084 1143 1139 1212 τὸν
1162 1145 1261 1210 παῖδα
1285 1148 1374 1230 Σαρ-

181 1295 188 1321 ,
259 1264 286 1318 1)
296 1241 380 1329 χάνη
416 1247 472 1308 καί
498 1244 649 1328 τέτταρας
675 1241 731 1309 καί
752 1240 867 1309 εἴκοσιν
887 1239 1013 1330 ἑτέρους
1031 1244 1093 1310 τοῦν
1117 1241 1203 1329 παρὰ
1224 1247 1374 1330 Πέρσαις

292 1342 427 1428 εῦχενοῦν
445 1338 656 1428 κρατήσαντες
672 1343 807 1427 παῖδας,
829 1337 953 1432 ἔφασαν
971 1340 1028 1408 οῦκ
1051 1338 1106 1408 ieri
1119 1341 1242 1432 δουλεία
1258 1365 1414 1427 neapo-10

292 1442 435 1528 τηκέναι,
472 1439 540 1504 ἀλλ’
569 1437 649 1506 ῦστε
674 1437 812 1528 ὁμήρους
846 1437 931 1526 ἔχειν
957 1439 1089 1525 βεβαίας
1120 1442 1208 1506 ἕνεκα
1235 1435 1375 1527 εἰρήνης.

293 1538 460 1626 Σαρχοῦνης
476 1540 513 1604 δὲ
524 1538 569 1625 μή
595 1536 678 1623 ἔχων
699 1535 757 1623 ῦ,τι
774 1537 873 1629 δρρῒν,
898 1533 1053 1626 ήοπέζετο
1074 1540 1131 1604 καί
1148 1529 1231 1604 ῦκων
1246 1537 1303 1624 τήν
1326 1538 1375 1604 εἰ·

292 1635 391 1726 ρήνην
407 1635 461 1703 διαὶ
484 1638 522 1702 τῦ
535 1635 615 1724 πρὸς
630 1637 706 1716 τοῦς
720 1639 837 1716 παῖδας
852 1639 994 1728 φίλτρον.
1032 1637 1105 1704 τότε
1126 1639 1161 1704 δὲ
1183 1639 1375 1720 ἐπαγγειλα-

292 1739 390 1821 μένου
402 1740 556 1820 βασιλέως
568 1739 767 1824 ἐλευθεροῦν,
783 1731 822 1804 ἂν
837 1735 1087 1822 ονναγιονίσηται
1103 1736 1278 1824 προθύμως
1288 1733 1372 1820 πρὸς

246 1907 250 1916 ,
292 1833 347 1902 τὸν
372 1831 509 1918 πόλεμον
531 1833 588 1901 τὸν
605 1833 687 1902 κατὰ
706 1839 768 1902 τῦν
786 1835 943 1918 Λατίνων,
962 1831 1073 1906 ,ἐλπίδι
1091 1838 1147 1921 τῆς
1167 1837 1228 1902 τιῦν
1245 1833 1410 1901 necdum

292 1937 477 2021 ἐλευθερίας
501 1935 658 2020 συνήρατο
678 1933 763 2019 πρὸς
780 1932 835 2000 τὸν
858 1931 991 2016 πόλεμον
1016 1936 1059 2022 τῷ
1085 1939 1227 2018 βασιλεῖ,
1247 1931 1304 1997 καί
1324 1933 1370 2009 είς

293 2033 447 2100 Φώκαιαν
475 2031 531 2097 καί
548 2027 644 2110 αῦτὸς
665 2030 768 2098 iiheiu
786 2027 853 2114 ἅμα
870 2035 1003 2124 στρατιᾷ
1022 2035 1101 2120 πεζῇ
1117 2055 1152 2097 τε
1171 2033 1227 2098 καί
1246 2029 1371 2119 ἱππική,

293 2128 504 2217 προοικῦνησέ
530 2153 565 2194 τε
582 2127 638 2195 καί
651 2129 814 2218 ήσποίσατο
839 2133 990 2216 βασιλέα,
1015 2134 1069 2199 καί
1094 2132 1257 2216 συνδιῆγεν
1279 2129 1372 2218 adegi

293 2229 444 2297 Φώκαιαν
458 2231 642 2315 πολιορκῶν.
670 2233 804 2317 παρεῖχέ
818 2255 852 2295 τε
867 2223 1008 2318 ἄφθονον
1026 2229 1142 2318 ἀγορὰν
1162 2232 1200 2319 τῇ
1214 2231 1371 2314 βασιλέως

292 2328 434 2416 στρατιᾷ,
452 2336 522 2402 ταῖς
537 2323 593 2391 ὕπ’
610 2325 708 2393 αὐτὸν
724 2328 873 2408 κελεύσας
890 2325 999 2394 πόλεσι
1018 2332 1074 2394 καί
1090 2326 1211 2415 χοῦραις
1230 2324 1271 2392 ed
1297 2327 1406 2394 ἔπι-το

200 2424 403 2510 Ρωθτήδεια
422 2425 466 2503 είς
489 2422 640 2493 Φώκαιαν
660 2425 809 2510 κομίζειν.
850 2431 987 2509 πέμπτος
1005 2431 1065 2511 μὲν
1088 2420 1145 2493 οῦν
1167 2425 1278 2514 η’νῦετο
1302 2423 1369 2511 μήν

291 2526 451 2591 Φωκαέων
470 2527 527 2591 καί
536 2525 766 2613 Μιτυληναίων
778 2528 1057 2613 πολιορκουμένων,
1075 2524 1212 2612 μάλιστα
1230 2528 1267 2590 δέ
1284 2524 1366 2593 κατὰ

289 2618 347 2711 τήν
364 2620 516 2689 Φώκαιαν
530 2627 652 2709 συχναί
660 2648 696 2691 τε
709 2623 765 2690 καὶ
778 2628 930 2715 καρτεραί
945 2624 1081 2711 ἐγίνοντο
1097 2620 1299 2709 τειχομαχίαι
1313 2625 1369 2691 καί

361 2794 386 2833 ι.
403 2773 562 2848 Σαρχίνην.
597 2776 663 2830 Fuit
680 2777 727 2831 hie
750 2788 870 2847 satrapes
889 2778 993 2841 Turca,
1012 2778 1056 2831 eui
1081 2776 1330 2849 attigeruntque
1347 2794 1364 2829 a

357 2847 546 2920 Philadelphia
566 2855 595 2900 et
606 2847 752 2902 Antiochia
778 2846 917 2902 Maeandri
940 2866 1027 2971 usqpe
1045 2846 1080 2901 od
1097 2848 1236 2915 Smyrnam
1253 2856 1281 2900 et
1304 2864 1364 2899 ma·

358 2918 477 2971 eitimam
496 2918 591 2971 leniae
617 2934 691 2971 oram
709 2926 817 2991 patent,
836 2919 969 2989 Gregorss
1000 2918 1036 2973 ib.
1054 2934 1078 2989 7.
1100 2918 1222 2975 ineunte.
1256 2918 1314 2973 ED-
1329 2916 1358 2971 Ρ.

288 3068 384 3193 plant:
401 3068 535 3138 Mitylene
551 3078 623 3123 terra
644 3072 710 3122 mari
751 3068 925 3123 eobsisletur.
954 3072 1103 3141 Imperator
1123 3070 1211 3123 missis
1224 3069 1311 3142 legatis
1322 3066 1357 3123 ad

310 3140 451 3193 archanem
467 3142 568 3193 orienti
590 3142 690 3192 circum
705 3142 725 3192 P
745 3158 854 3193 ocaeam
871 3142 1067 3210 imperantem,
1085 3140 1182 3193 foedus
1202 3151 1230 3195 et
1247 3142 1356 3193 societa-

289 3216 345 3263 tem
359 3228 419 3263 cum
436 3228 469 3263 eo
490 3212 609 3281 pepigit,
627 3218 658 3261 ut
675 3210 734 3331 ipse
750 3211 871 3279 pedestri
894 3220 922 3263 et
944 3210 1033 3263 navali
1050 3210 1173 3264 subsidio
1194 3229 1224 3264 se
1242 3210 1276 3263 ad
1289 3210 1358 3263 Pho·

288 3297 379 3333 eaeam
404 3288 432 3333 et
447 3280 598 3347 Mitylenen
620 3278 681 3332 obsi
702 3280 785 3334 endas
804 3280 959 3335 adiuvaret:
981 3283 1126 3350 imperator
1148 3282 1266 3335 vicissim
1288 3282 1360 3333 snti-

287 3366 398 3403 mannm
425 3350 566 3403 Sarehanis
594 3358 622 3403 et
641 3351 760 3421 reliquos
785 3352 920 3403 Persarum
937 3350 1026 3413 lilios,
1064 3354 1093 3403 ui
1109 3354 1220 3405 nomine
1238 3350 1362 3405 obsidum

184 3463 187 3470 .
288 3420 362 3491 apud
378 3420 523 3474 Phocaeam
547 3429 721 3484 tenerentur,
740 3419 869 3474 libertate
886 3420 1007 3473 donaret
1044 3370 1112 3473 ham
1136 3422 1274 3493 quierant
1292 3422 1362 3476 Pho-

203 3554 207 3561 Ι
287 3506 370 3543 caeac
399 3490 553 3555 Genuotes,
579 3508 639 3543 cum
667 3491 837 3544 Sulimanum
871 3500 953 3563 atque
991 3489 1060 3543 alios
1084 3500 1199 3563 quatuor
1218 3501 1246 3545 et
1265 3491 1364 3563 viginti

286 3561 423 3612 nobilium
440 3562 575 3614 Persarum
592 3561 662 3613 tilios
675 3562 738 3615 dolo
756 3562 901 3631 cepissent,
920 3578 975 3613 non
992 3577 1021 3613 se
1040 3562 1103 3614 illos
1120 3563 1256 3614 servitutis
1273 3580 1361 3625 eausa,

212 3647 217 3653 ·
286 3630 337 3683 aed
349 3640 380 3681 ut
392 3633 465 3699 pacis
479 3630 588 3683 obsides
606 3632 753 3693 haherent,
775 3632 877 3701 cepisse
896 3632 1015 3685 aiebant.
1051 3630 1196 3685 Sarchanee
1211 3649 1270 3683 cum
1286 3630 1362 3684 aliud

286 3716 343 3752 non
361 3709 470 3769 posset,
495 3701 607 3772 ingratis
627 3718 721 3786 pacem
745 3704 851 3772 accepit
881 3710 993 3773 propter
1013 3700 1152 3755 caritatem
1176 3702 1292 3755 liliorum
1320 3702 1388 3755 vi·'

287 3768 398 3823 delicet.
433 3771 503 3825 Cum
519 3781 609 3824 autem
627 3773 796 3842 imperatoris
810 3774 951 3841 promissio
963 3770 996 3823 dc
1010 3772 1137 3825 libertate
1154 3772 1209 3823 illis
1225 3770 1365 3825 reddenda

285 3838 445 3905 accederet,
462 3842 486 3892 si
504 3857 533 3893 se
551 3843 579 3892 in
599 3841 673 3894 hello
692 3850 785 3894 contra
803 3841 914 3897 Latinos
942 3850 1069 3912 prompte
1086 3841 1241 3905 adiuvaret,
1257 3859 1303 3913 spe
1326 3843 1363 3895 li-

285 3908 400 3963 bertatis
418 3910 447 3976 id
465 3912 546 3973 lecit,
567 3927 599 3963 ac
617 3912 768 3965 Phocaeam
786 3928 835 3983 per
852 3930 881 3965 se
908 3928 970 3965 eum
987 3910 1109 3981 pedestri
1127 3921 1156 3964 et
1174 3916 1293 3983 equestri
1310 3929 1362 3965 co-

284 3980 334 4049 pia
352 3980 481 4043 veniens,
500 3980 691 4049 imperatorem
707 3982 916 4036 venerabundus
935 3982 1065 4037 salutavit
1089 3990 1195 4035 etcum
1214 4000 1247 4034 oo
1264 3982 1360 4034 urbem

287 4048 412 4104 obsedit:
439 4048 623 4120 subiectisque
652 4053 705 4105 sihi
735 4051 850 4107 urbibus
875 4062 903 4107 et
936 4054 1004 4105 locis
1032 4053 1178 4115 mandans,
1203 4060 1235 4105 ut
1260 4052 1360 4105 cibaris

257 4156 261 4159 -
285 4118 438 4174 Phocaeam
456 4117 639 4185 adveherent,
657 4124 827 4191 imperatoris
846 4124 976 4176 exercitui
993 4121 1081 4175 sorum
1100 4122 1266 4176 uberrimum
1279 4138 1359 4193 prae·

286 4188 355 4247 huit
391 4193 447 4247 Iam
463 4191 591 4265 quintam
607 4206 726 4249 mensem
736 4192 947 4251 Phocaeensium
965 4210 996 4247 se
1008 4192 1236 4265 Mitylenaeum
1253 4192 1357 4249 obsidio
