3025 4900
339 783 966 854 raconironranr

173 943 319 1019 VITA
357 943 620 1019 IOANNIS
656 943 1122 1042 CANTACUZENI,

401 1123 445 1168 u
483 1125 657 1169 uiuam
684 1127 889 1172 utsrouu.

106 1387 260 1509 loannis,
283 1425 436 1490 ilianuelis
457 1437 487 1490 et
500 1425 629 1490 aliarum
644 1429 936 1512 Cautacnzenorum‚
958 1435 1140 1497 uevimmm
1154 1436 1193 1499 il.

103 1533 245 1594 lusuinm
279 1539 312 1589 et
331 1527 557 1606 bellicosorum,
583 1529 723 1590 meminit
741 1529 872 1593 Nicetes.
913 1533 999 1612 Quos
1022 1534 1073 1595 hic
1091 1547 1194 1598 nomer

103 1633 332 1693 Cantacueeuue
352 1630 386 1688 in
408 1627 572 1688 maioribus
595 1629 657 1689 mis
678 1627 779 1690 habet.
821 1629 928 1712 Iden,
955 1633 1100 1696 loannem
1122 1637 1191 1696 Ma-

103 1729 202 1792 nuelis
238 1729 428 1811 inperatoris
457 1737 601 1810 neptem,
639 1726 733 1788 alium
771 1729 917 1792 loannem
949 1714 1192 1798 (iantacuaenum

108 1831 204 1890 isaaci
238 1827 349 1910 Angcli
379 1845 512 1888 sororem
543 1829 576 1887 in
604 1829 797 1889 matrimonio
825 1829 976 1894 habuisse
1010 1833 1108 1896 Natio
1146 1846 1192 1897 est

103 1929 250 2012 Byzantii.
293 1927 417 1988 Patrem
447 1949 466 1988 a
485 1927 637 1988 natalibus
659 1925 795 1990 modeste
819 1930 974 2010 praedicat
997 1929 1049 1993 lib.
1065 1933 1094 1994 ὅ.
1122 1955 1193 1994 cum

101 2029 194 2106 dicit,
227 2021 266 2087 aei
296 2021 356 2109 γὰρ
385 2025 450 2087 τῶν
477 2025 599 2088 πολλῶν
628 2016 694 2105 εἷς,
723 2039 788 2090 non
815 2041 885 2089 erat
906 2051 1028 2091 unare
1063 2031 1191 2106 multis,

100 2149 155 2189 teu
187 2125 353 2206 vulgaris:
390 2137 420 2187 et
456 2125 566 2188 alicubi
602 2137 730 2188 matrem
765 2147 851 2187 mam
876 2127 1053 2211 Syrgiannia
1087 2129 1192 2212 appel-

102 2229 144 2289 lat
163 2227 277 2306 eatur,
299 2239 520 2301 materteram,
541 2245 597 2287 eeu
624 2227 775 2300 amitam,
792 2245 848 2287 eeu
878 2226 1004 2289 demum
1027 2243 1193 2310 cognatam

100 2347 189 2388 ruam
205 2327 347 2408 (liberius
362 2330 444 2388 enim
458 2327 515 2386 hac
530 2347 605 2388 voce
618 2329 727 2405 utitur,
741 2336 777 2387 ut
790 2326 999 2408 docebimue);
1014 2351 1107 2412 quam
1121 2333 1190 2416 qui-

99 2427 170 2489 dem
191 2427 335 2489 seminam
348 2447 383 2489 ex
397 2425 477 2488 libra
490 2428 603 2509 primo,
626 2425 708 2489 haud
727 2426 817 2509 longe
838 2425 878 2487 ab
901 2423 1001 2507 initio,
1022 2430 1099 2491 scire
1120 2420 1190 2493 licet

99 2526 140 2587 ad
162 2528 360 2610 imperatores
377 2545 471 2611 genus
492 2526 641 2588 retulisse.
694 2526 779 2588 Puer
799 2526 899 2589 adhuc
923 2539 1041 2609 patrem
1065 2532 1186 2592 amisit:

99 2629 154 2709 qni
175 2648 256 2689 auno
280 2630 385 2689 aetatis
407 2630 507 2710 primo
534 2646 626 2708 snpra
648 2628 846 2705 vicesimum,
874 2626 1093 2708 praefecturae
1115 2650 1189 2691 auae

97 2724 373 2809 Peloponnesiacae
394 2739 514 2807 octavo,
544 2728 576 2787 iu
600 2726 705 2787 eadem
728 2725 887 2809 peninsula
909 2725 1045 2796 deeeasst.
1088 2730 1188 2789 Mater

97 2824 185 2886 dicta
207 2838 253 2887 eet
272 2827 454 2889 Theodora:
485 2828 570 2888 cuiue
591 2808 765 2889 avunculus‘
780 2846 928 2909 maguus,
952 2826 1071 2909 idest,
1101 2830 1188 2890 aviae

97 2926 381 3004 matetuactiater,
413 2927 543 2987 Michael
563 2930 680 3008 primus
695 2926 894 3008 Palaeologua
907 2928 1083 3008 imperator.
1123 2927 1186 2987 Ita·

97 3047 160 3107 que
181 3025 286 3087 eadem
318 3026 474 3089 Michaelis
503 3046 612 3105 aanor,
651 3034 682 3085 et
706 3025 907 3085 Cantacuzeni
926 3027 1064 3105 proavia.
1113 3024 1188 3087 Fuit

96 3124 264 3186 Theodora
283 3126 393 3186 mulier
415 3126 593 3209 prudentiae
611 3125 754 3201 maioris,
777 3144 870 3205 quam
891 3144 949 3204 pro
972 3136 1064 3205 captu
1086 3144 1186 3203 suus,

98 3234 131 3283 et
150 3225 324 3285 mutationi
338 3246 441 3287 rerum
457 3228 595 3309 gravium
625 3234 716 3306 atque
735 3242 915 3305 magnarum
937 3220 1067 3302 idonea,
1092 3242 1186 3306 quam

98 3322 250 3406 Gregorae
270 3336 350 3385 recte
371 3324 419 3385 hie
440 3326 542 3387 verbis
565 3323 727 3386 celebravit
749 3322 805 3385 lib.
826 3344 873 3386 ιι.
920 3324 1023 3405 Quam
1042 3325 1185 3384 arcesiti·

98 3438 167 3483 cem
193 3425 319 3503 coniugi
349 3424 523 3509 imperator
549 3424 742 3507 reliquerat,
779 3424 939 3485 senatoria
960 3434 1126 3495 matrona,
1153 3434 1185 3483 et

95 3522 251 3601 gravitate
269 3542 391 3584 morum
413 3524 602 3605 conspicua,
633 3536 665 3583 et
682 3522 838 3602 singulari
857 3518 1030 3606 prudentia
1056 3534 1184 3593 amata,

96 3640 138 3680 ac
155 3621 191 3681 in
213 3623 303 3684 rebus
327 3622 433 3685 dubim
452 3624 613 3706 praesenti
629 3622 762 3683 consilio
790 3622 954 3681 instructa.
1005 3620 1081 3682 Eius
1103 3620 1183 3681 iudi-

96 3722 243 3799 gnissima
265 3725 384 3783 vexatio
404 3734 529 3804 propter
551 3720 666 3799 filium,
700 3733 730 3782 et
752 3742 835 3781 mors
858 3718 1061 3803 lacrymabilis
1081 3719 1136 3780 lib.
1150 3720 1182 3781 ὅ.

95 3838 167 3899 (ap.
185 3838 237 3879 22.
254 3820 306 3882 26.
323 3821 375 3883 56.
400 3825 570 3903 exponitur.
626 3821 791 3902 Nicephori
811 3820 1032 3899 Cantacuzeni‚
1062 3830 1094 3879 et
1114 3820 1183 3880 nta-

95 3918 197 3979 uuelis
219 3920 462 4000 Tmchaniotae‚
490 3921 571 3983 illius
593 3920 759 4003 patruelis,
793 3920 884 3983 huius
905 3920 1099 3996 consobrini,
1131 3930 1185 3981 ant

95 4036 133 4077 ex
154 4039 258 4081 sumre
277 4025 399 4103 nepotis
418 4022 472 4083 lib.
489 4042 520 4082 a.
537 4042 605 4103 cap.
622 4019 651 4087 8.
666 4022 814 4081 meminit.
864 4020 1010 4081 loannem
1030 4018 1184 4102 Angelum

94 4110 286 4202 ἐξόδελφω,
316 4131 349 4181 et
370 4110 502 4198 ἀνεψιὸν
522 4120 659 4181 similiter
681 4102 832 4201 appellat,
861 4130 892 4181 et
913 4140 948 4181 ex
963 4119 1068 4181 eadem
1082 4119 1184 4181 radice

95 4216 243 4297 prodii&
255 4220 374 4285 eci-ibit.
425 4220 540 4283 Mentio
555 4230 656 4282 autem
669 4222 781 4283 sororis
795 4230 841 4283 eat
854 4218 907 4283 lib.
921 4220 950 4287 3.
964 4241 1032 4303 cap.
1048 4218 1100 4281 26.
