3025 4900
227 465 232 472 .
268 365 298 466 b
586 445 621 462 ,.
697 391 908 458 enascens

269 554 452 626 cbristopotis
470 551 623 626 destinatur
642 553 699 620 (7).
736 554 899 608 Callinicus
909 553 946 608 ad
962 554 1073 609 cratem
1090 552 1269 607 triballorum
1285 555 1368 624 prin-

268 630 354 696 cipem
373 627 404 678 de
421 628 550 678 societate
571 625 686 695 lepatur.
722 627 847 695 Spondet.
883 628 979 680 Denuo
997 626 1029 678 de
1047 629 1122 690 loco,
1141 624 1178 678 od
1193 641 1269 693 quem
1287 625 1367 678 salu-

270 701 305 751 tis
324 696 436 750 tuendae
454 699 623 765 consapient,
650 695 831 763 deliberatur,
858 707 884 750 et
901 698 1095 768 Adrianopolis
1116 698 1279 766 praefertur.
1317 695 1367 748 ln-

172 827 174 831 ·
268 771 360 821 iuriae
379 770 423 820 aci
443 771 472 820 in
491 777 614 836 nepotem
632 779 823 821 memorantur.
859 772 1025 838 Surpiannes
1049 787 1064 822 e
1083 769 1198 820 Tbracia
1215 776 1366 820 revocatur.

268 841 361 894 Adbuc
379 839 411 892 de
430 840 489 892 loco
507 843 596 909 suque.
634 841 830 910 Adrianopolis
847 843 947 892 iterum
966 842 1086 910 elipitur.
1122 840 1275 904 Quaerunt,
1298 856 1367 907 quo·

268 911 345 964 modo
375 911 609 983 Constantinopoli
636 913 743 981 impune
773 923 870 966 eaeant
890 911 948 978 (8).
1000 911 1189 965 Pr'otostrator
1215 927 1304 962 senem
1337 912 1367 961 in

268 983 419 1036 custodiam
455 981 629 1047 tradendum,
674 985 841 1052 Sqrqiannes
877 986 984 1036 omnino
1019 981 1194 1052 lupulandum
1230 981 1367 1034 decernite

267 1057 375 1122 utrique
401 1071 553 1123 repuqnans
582 1053 801 1120 Gantacutenus,
832 1057 863 1106 in
891 1057 981 1124 prima
1007 1055 1160 1118 sententia,
1190 1052 1222 1105 de
1248 1053 1368 1121 simplici

268 1126 404 1190 discessu,
431 1121 637 1194 permanendum
655 1128 828 1195 pronuntiat,
852 1127 1002 1195 Sqrqianni
1019 1136 1114 1177 contra
1131 1126 1231 1177 nitenti
1254 1125 1367 1193 sapien-

269 1207 311 1250 ter
340 1198 473 1260 occurrit,
501 1197 632 1264 simulque
659 1205 882 1266 protostratorem
910 1197 1015 1264 refellit
1036 1195 1093 1262 (9).
1129 1196 1216 1265 Nepos
1235 1195 1268 1248 ab
1296 1194 1369 1250 omni

208 1283 214 1292 “
268 1267 431 1321 crudelitate
457 1271 488 1318 in
512 1285 590 1319 acum
616 1267 777 1332 abhorrens,
805 1268 991 1321 Cantacuseno
1015 1266 1167 1320 subscribit.
1204 1265 1277 1318 ldem
1297 1268 1368 1334 Spr-

235 1385 237 1398 ,
267 1342 380 1409 qiannes
410 1347 436 1390 et
462 1347 646 1408 protostrator
677 1341 785 1404 faciunt
813 1338 898 1403 (so),
929 1341 1130 1410 imperatricem
1157 1339 1367 1402 Gantacusenus,

268 1412 314 1480 qui
338 1419 364 1462 et
387 1427 499 1478 mapnus
527 1409 701 1474 domesticus,
728 1411 847 1461 iunioris
870 1411 1046 1480 imperatoris
1068 1412 1206 1478 coniuqem
1231 1411 1368 1461 Constan-

268 1482 383 1550 tinopoli
411 1479 615 1547 relinquendam
641 1483 733 1532 sentit.
776 1481 890 1550 llaqnus
916 1481 1101 1534 contortaulus
1131 1491 1157 1532 et
1183 1497 1295 1550 maqnus
1323 1479 1368 1530 lo-

158 1559 168 1568 “
266 1553 376 1622 qotbeta
396 1551 552 1605 Metocbites
575 1568 686 1603 causam
707 1554 813 1619 nepotis
838 1551 910 1621 apud
933 1569 1012 1605 acum
1036 1561 1120 1622 aqunt
1142 1551 1216 1616 (¹¹).
1253 1551 1296 1602 Aa
1319 1552 1367 1602 iu·

266 1625 369 1675 dicium
387 1624 552 1674 arcessitur:
580 1631 764 1690 protostrator
787 1640 846 1676 eum
869 1626 1029 1676 comitatur.-
1055 1622 1215 1674 domesticus
1238 1639 1368 1690 superre-

267 1697 309 1747 nit
335 1702 446 1764 postea.-
475 1695 506 1744 in
528 1693 637 1762 palatia
662 1693 695 1745 de
720 1693 851 1746 servando
877 1697 972 1746 iurene
999 1695 1223 1754 sermocinantur.
1267 1693 1369 1745 Ternae

268 1767 392 1818 triremes
420 1782 438 1817 a
464 1765 646 1818 Ganuensibus
673 1766 771 1817 amicis
798 1765 970 1818 instruuntur
999 1765 1075 1830 (ια).
1127 1764 1215 1833 Nepos
1242 1779 1369 1835 maqnum
1397 1810 1400 1816 .

105 1831 109 1842 '
188 1881 192 1884 ,.
267 1837 439 1888 domesticum
466 1833 612 1902 offendens,
643 1851 672 1887 se
692 1835 825 1888 desertum
845 1838 1038 1904 conqueritur.-
1066 1852 1134 1904 quae
1161 1838 1279 1888 manime
1301 1835 1369 1899 cult,

267 1907 352 1960 audit.
391 1907 500 1959 (litatur
519 1905 550 1958 de
570 1909 675 1976 inteqro
695 1905 728 1958 ab
745 1926 795 1959 aco
820 1907 857 1959 ad
884 1907 1032 1960 iudicium:
1061 1909 1162 1958 amicos
1185 1906 1222 1959 ad
1245 1905 1369 1973 fidelita-

267 1989 320 2032 tem
340 1979 392 2030 sibi
413 1979 442 2029 in
464 1978 587 2044 periculo
611 1977 803 2046 praestandam
823 1977 956 2032 bortatur.
994 1979 1196 2031 Cantacusenus
1223 1988 1249 2030 et
1273 1986 1368 2047 proto-

267 2059 372 2102 strator
399 2051 488 2101 omnia
515 2050 692 2117 pollicentur:
722 2047 757 2100 ad
782 2049 919 2118 palatium
946 2048 1077 2102 deducunt
1097 2045 1172 2114 (¹3).
1209 2047 1252 2100 lbi
1276 2064 1369 2101 coram

267 2121 401 2192 episcopis
421 2129 452 2170 ut
471 2120 599 2188 superbus
621 2129 647 2172 et
664 2117 776 2173 rebeliis
799 2139 816 2172 a
835 2139 897 2173 sene
914 2131 1067 2173 accusatur.
1104 2121 1191 2189 Neqat
1215 2137 1244 2171 se
1269 2121 1368 2173 talem:

265 2195 291 2244 si
315 2194 470 2260 facinorum
494 2193 608 2242 istorum
631 2201 781 2260 compertus
798 2193 898 2258 suerit,
924 2193 966 2244 cel
982 2191 1128 2260 capitalem
1145 2209 1260 2260 poenam
1278 2191 1368 2243 liben-

267 2272 308 2315 ter
332 2271 519 2331 excepturum,
546 2269 572 2314 et
598 2279 676 2314 acum
702 2271 732 2314 ut
758 2263 977 2315 contumeliosum
1003 2262 1144 2331 redarquit
1165 2259 1240 2327 (tl).
1277 2261 1368 2313 Amici

266 2333 318 2386 duo
341 2335 412 2400 soris
440 2334 585 2384 clamorem
613 2332 768 2399 audientes,
800 2351 957 2386 succurrere
984 2343 1093 2403 parant.
1129 2334 1218 2385 Senex
1244 2334 1367 2401 quiescit,

265 2415 292 2457 et
310 2407 401 2474 nepoti
421 2403 587 2458 conditiones
607 2407 662 2470 [ert
681 2415 812 2473 quatuor:
840 2403 877 2458 ad
901 2406 1025 2475 sinqulas
1043 2403 1185 2474 respondet
1205 2403 1287 2469 (¹5),
1314 2422 1368 2474 pe-

264 2476 322 2527 dem
344 2478 402 2527 eius
421 2494 520 2546 pronus
538 2476 684 2528 osculatur.
723 2478 815 2547 Finqit
834 2478 884 2529 ille
905 2496 934 2529 se
950 2478 1172 2529 reconciliatum:
1199 2478 1278 2528 inani
1294 2494 1367 2545 qau-

264 2548 311 2599 dic
340 2548 486 2599 exaltatur.
535 2546 643 2599 iubetur
672 2550 702 2599 in
727 2548 940 2617 Peloponnesum
966 2542 1120 2617 praefectus
1152 2547 1229 2599 abire
1255 2564 1369 2617 maqnus

263 2618 439 2683 domesticus,·
471 2635 539 2685 quae
566 2620 653 2671 iussio
682 2622 808 2686 quoniam
833 2620 958 2686 fraudem
986 2619 1092 2682 olebat,
1124 2617 1188 2686 quid
1214 2627 1278 2687 apat
1307 2634 1368 2670 cum

264 2692 347 2743 sociis
372 2688 515 2741 consultat.
555 2689 708 2742 Goniicitur
732 2706 806 2742 mens
824 2693 897 2743 senis
914 2690 995 2754 baec,
1020 2699 1050 2742 at
1073 2690 1143 2758 ipsis
1168 2692 1258 2757 specie
1281 2706 1367 2759 prae·

262 2764 429 2829 fecturarum
455 2760 613 2826 distractis,
640 2778 736 2812 nocere
762 2762 874 2813 liberius
894 2780 927 2813 ac
952 2761 1066 2827 [acilius
1093 2762 1194 2829 possit:
1227 2778 1281 2812 non
1310 2776 1368 2812 esse

264 2832 379 2884 salutem
399 2830 585 2899 neqliqendam
608 2831 683 2895 (¹6).
725 2831 750 2883 A
767 2834 877 2884 iuniore
900 2832 935 2884 ad
958 2850 1047 2884 senem
1072 2849 1122 2901 pro
1140 2833 1299 2902 impunitate
1318 2849 1367 2883 so·

263 2904 367 2955 ciorum
381 2902 495 2972 lcqatic
523 2902 692 2967 decernitur,
721 2920 801 2970 quam
829 2903 984 2956 bletoclsites
1006 2905 1089 2955 certis
1114 2903 1147 2955 de
1173 2906 1265 2955 causis
1294 2903 1368 2955 obire

263 2974 404 3026 detrectat.
439 2974 567 3041 Sequitur
593 2974 696 3040 [rivola
720 2974 861 3026 domestici
885 2977 1042 3040 excusatio,
1068 2992 1117 3028 cur
1140 2993 1158 3027 a
1183 2974 1367 3043 Peloponneso

263 3046 416 3099 abhorreat.
455 3046 617 3115 Obiurqatus
641 3045 673 3096 ab
700 3048 881 3115 imperatore,
914 3049 944 3098 in
975 3046 1142 3099 Tbessaliam
1167 3044 1273 3097 iubetur
1298 3062 1367 3115 pro-

261 3118 366 3183 ficisci,·
396 3133 474 3183 quam
499 3102 677 3168 conditionem
704 3118 833 3169 similiter
858 3116 1043 3186 subterfuqere
1068 3116 1178 3168 studens
1203 3116 1367 3179 dissimulat,

263 3197 290 3239 et
309 3196 388 3239 entra
406 3186 497 3239 urbem
515 3188 616 3238 milites
633 3189 827 3255 pecuniamque
845 3197 991 3256 exspectat.
1028 3188 1227 3240 Protostratori
1245 3186 1367 3254 Prillapi

263 3261 438 3329 praefectura
460 3258 605 3308 mandatur
633 3256 708 3321 (¹7).
745 3260 890 3326 Scriptura
917 3258 953 3310 ad
978 3258 1106 3311 lectulum
1133 3261 1257 3321 inuenta,
1285 3273 1367 3327 nepos

173 3370 175 3375 .
263 3328 396 3400 Byzantio
429 3328 531 3380 decimo
565 3329 645 3380 tertio
673 3327 813 3380 Kalendas
846 3330 954 3393 Maias,
991 3332 1135 3381 comitatus
1169 3337 1368 3399 protostratore

261 3401 409 3469 paucisque
437 3400 565 3465 famulis,
598 3415 656 3449 cum
688 3401 800 3451 canibus
835 3408 861 3452 et
890 3402 983 3453 aribus
1011 3404 1178 3465 venatoriis,
1212 3399 1248 3452 ad
1273 3390 1367 3470 [uq'am

264 3468 400 3539 teqcndam
417 3470 537 3533 scilicet,
556 3469 700 3538 eqreditur.
737 3470 917 3542 Adrionopoli
933 3474 1046 3525 comiter
1064 3474 1208 3541 accipitur.
1245 3472 1302 3523 blac
1319 3473 1367 3522 in-

264 3540 389 3603 tellecto,
423 3542 572 3609 imperator
600 3541 725 3610 Taparim
750 3546 909 3611 maqistrum
940 3544 1058 3595 militiae
1084 3544 1120 3595 ad
1146 3542 1291 3612 supitiaum
1317 3559 1366 3593 re-

264 3610 409 3664 ducendum
429 3614 536 3663 mittere
555 3612 629 3665 cult:
656 3630 673 3664 a
703 3630 753 3681 quo
781 3613 906 3678 docetur,
934 3614 1052 3667 laborem
1078 3616 1186 3666 inanem
1209 3616 1269 3681 sore
1290 3612 1365 3677 (¹8).

264 3682 443 3735 interdicitur
467 3683 602 3747 omnibus,
627 3700 659 3735 ne
678 3694 798 3755 nepotem
823 3687 930 3737 nomine
954 3688 1128 3756 imperatoris
1151 3686 1291 3752 afficiant,
1316 3684 1366 3735 de·

263 3754 438 3821 claraturque
463 3754 564 3817 bostis,
593 3764 617 3806 et
642 3772 701 3807 essm
720 3759 842 3823 factione
866 3774 917 3808 sua
940 3775 959 3809 a
978 3760 1086 3828 piorum
1111 3759 1294 3809 communione
1319 3773 1386 3809 se-.

236 3824 391 3877 .cluditur.
436 3823 476 3874 Ab
511 3842 539 3875 eo
575 3824 669 3877 deinde
695 3826 788 3895 pocein
814 3846 896 3879 senec
919 3831 998 3897 petit.
1041 3828 1138 3898 leqati
1164 3830 1195 3879 in
1220 3826 1366 3878 discrimen

262 3897 391 3949 ueniunt:
417 3905 442 3947 ct
461 3894 500 3946 ibi
518 3895 633 3946 alterius
650 3914 782 3965 praesens
801 3908 881 3967 atque
899 3901 1073 3951 inconcussus
1091 3901 1206 3953 animus.
1244 3896 1365 3965 lieniqno

262 3984 322 4018 cum
348 3979 477 4035 responso
504 3964 675 4019 dimittantur
701 3970 776 4034 (19).
813 3970 950 4023 Postridie
976 3973 1007 4021 iu
1030 3971 1147 4023 concilio
1170 3986 1227 4039 pac
1248 3984 1366 4020 recusa·

263 4048 325 4101 tur,
355 4039 385 4087 ni
409 4040 500 4089 senior
525 4039 639 4107 imperio
665 4039 759 4093 cedat.-
785 4041 867 4093 datur
891 4049 981 4093 tamen
1004 4059 1102 4111 opera,
1128 4051 1159 4093 ut
1178 4043 1203 4093 is
1223 4042 1364 4091 imminens

260 4110 415 4179 periculum
439 4108 577 4160 declinare
601 4114 698 4178 possit.
735 4112 881 4165 Ecercitus
903 4114 972 4164 mire
997 4122 1057 4166 acet
1079 4112 1239 4181 Byzantium
1262 4122 1364 4182 petere,

261 4197 310 4231 nec
339 4180 364 4230 ei
389 4178 551 4248 persuaderi
575 4190 680 4249 potest,
708 4193 737 4234 ut
763 4182 848 4235 libens
874 4186 905 4236 in
930 4183 1091 4237 occidentem
1116 4182 1208 4237 tendat
1226 4182 1309 4248 (20).-
1338 4180 1364 4231 Λ

261 4250 477 4319 Spbentistblabo
495 4252 648 4303 Moesorrem
666 4271 728 4322 repe
752 4254 881 4307 insidiae.
917 4254 1001 4307 Lente
1021 4254 1273 4323 Constantinopolin
1296 4269 1364 4321 per·

261 4322 302 4390 pit
327 4324 436 4387 iunior,
466 4323 583 4375 morbum
610 4332 789 4392 praetorem
814 4344 904 4378 senem
928 4336 1102 4395 praemonet,
1131 4335 1161 4378 ut
1184 4326 1238 4378 sibi
1259 4329 1362 4377 educat.

262 4391 376 4461 llaqnus
395 4392 554 4447 domesticus
571 4394 605 4446 ab
631 4399 827 4465 oppuqnatione
850 4398 926 4450 urbis
949 4396 1201 4463 amaricantes).
1237 4386 1360 4448 Pa'laeo-
