<?xml version="1.0" encoding="UTF-8"?>
<!DOCTYPE html PUBLIC "-//W3C//DTD XHTML 1.0 Transitional//EN"
    "http://www.w3.org/TR/xhtml1/DTD/xhtml1-transitional.dtd">
<html xmlns="http://www.w3.org/1999/xhtml" xml:lang="en" lang="en">
 <head>
  <title>
</title>
<meta http-equiv="Content-Type" content="text/html;charset=utf-8" />
  <meta name='ocr-system' content='tesseract 3.04.00' />
  <meta name='ocr-capabilities' content='ocr_page ocr_carea ocr_par ocr_line ocrx_word'/>
</head>
<body>
  <div class='ocr_page' id='page_1' title='image "./corpusscriptoru32theogoog/corpusscriptoru32theogoog_0307.png"; bbox 0 0 3025 4900; ppageno 0'>
   <div class='ocr_carea' id='block_1_1' title="bbox 492 258 1232 362">
    <p class='ocr_par' dir='ltr' id='par_1_1' title="bbox 492 258 1232 362">
     <span class='ocr_line' id='line_1_1' title="bbox 492 258 1232 362; baseline -0.019 -4"><span class='ocrx_word' id='word_1_1' title='bbox 492 289 775 358; x_wconf 77' lang='lat' dir='ltr'><strong>ursroauuuar</strong></span> <span class='ocrx_word' id='word_1_2' title='bbox 804 293 829 354; x_wconf 86' lang='lat' dir='ltr'><strong>r.</strong></span> <span class='ocrx_word' id='word_1_3' title='bbox 857 291 909 362; x_wconf 75' lang='lat' dir='ltr'><strong>aa.</strong></span> <span class='ocrx_word' id='word_1_4' title='bbox 1150 258 1232 348; x_wconf 75' lang='lat'><em>263</em></span> 
     </span>
    </p>
   </div>
   <div class='ocr_carea' id='block_1_2' title="bbox 114 439 1380 2794">
    <p class='ocr_par' dir='ltr' id='par_1_2' title="bbox 114 439 1380 2794">
     <span class='ocr_line' id='line_1_2' title="bbox 158 439 1380 532; baseline -0.005 -22"><span class='ocrx_word' id='word_1_5' title='bbox 158 441 226 526; x_wconf 76' lang='grc' dir='ltr'><em>ἅμα</em></span> <span class='ocrx_word' id='word_1_6' title='bbox 254 445 295 532; x_wconf 66' lang='lat' dir='ltr'><strong>dep</strong></span> <span class='ocrx_word' id='word_1_7' title='bbox 323 440 510 520; x_wconf 76' lang='grc' dir='ltr'><em>όπλίζεσθαι</em></span> <span class='ocrx_word' id='word_1_8' title='bbox 537 440 594 528; x_wconf 76' lang='grc' dir='ltr'><em>τήν</em></span> <span class='ocrx_word' id='word_1_9' title='bbox 619 439 771 530; x_wconf 85' lang='grc' dir='ltr'><em>στρατιάν</em></span> <span class='ocrx_word' id='word_1_10' title='bbox 789 445 829 530; x_wconf 77' lang='grc' dir='ltr'><em>τῇ</em></span> <span class='ocrx_word' id='word_1_11' title='bbox 847 440 994 527; x_wconf 75' lang='grc' dir='ltr'><em>σάλπιγγι</em></span> <span class='ocrx_word' id='word_1_12' title='bbox 1012 442 1156 510; x_wconf 62' lang='lat' dir='ltr'><strong>whose</strong></span> <span class='ocrx_word' id='word_1_13' title='bbox 1174 464 1233 528; x_wconf 74' lang='grc' dir='ltr'><em>σιρ-</em></span> <span class='ocrx_word' id='word_1_14' title='bbox 1243 445 1380 504; x_wconf 52' lang='lat' dir='ltr'><strong>tommo</strong></span> 
     </span>
     <span class='ocr_line' id='line_1_3' title="bbox 154 535 1234 628; baseline -0.003 -20"><span class='ocrx_word' id='word_1_15' title='bbox 154 540 355 628; x_wconf 49' lang='lat' dir='ltr'><strong>udeusre’nsl</strong></span> <span class='ocrx_word' id='word_1_16' title='bbox 375 542 410 606; x_wconf 79' lang='grc' dir='ltr'><em>δὲ</em></span> <span class='ocrx_word' id='word_1_17' title='bbox 430 544 608 628; x_wconf 81' lang='grc' dir='ltr'><em>περιέθεντο</em></span> <span class='ocrx_word' id='word_1_18' title='bbox 628 539 670 606; x_wconf 85' lang='grc' dir='ltr'><em>τά</em></span> <span class='ocrx_word' id='word_1_19' title='bbox 691 535 788 623; x_wconf 83' lang='grc' dir='ltr'><em>όπλα,</em></span> <span class='ocrx_word' id='word_1_20' title='bbox 809 539 976 623; x_wconf 74' lang='grc' dir='ltr'><em>ταξάμενοι</em></span> <span class='ocrx_word' id='word_1_21' title='bbox 994 541 1037 618; x_wconf 83' lang='grc' dir='ltr'><em>άς</em></span> <span class='ocrx_word' id='word_1_22' title='bbox 1057 542 1090 616; x_wconf 78' lang='grc' dir='ltr'><em>ές</em></span> <span class='ocrx_word' id='word_1_23' title='bbox 1106 542 1234 625; x_wconf 79' lang='grc' dir='ltr'><em>μάχην,</em></span> 
     </span>
     <span class='ocr_line' id='line_1_4' title="bbox 154 634 1235 729; baseline -0.003 -23"><span class='ocrx_word' id='word_1_24' title='bbox 154 634 252 729; x_wconf 76' lang='grc' dir='ltr'><em>ᾔεσαν</em></span> <span class='ocrx_word' id='word_1_25' title='bbox 282 636 444 721; x_wconf 79' lang='grc' dir='ltr'><em>εὐκόσμως</em></span> <span class='ocrx_word' id='word_1_26' title='bbox 474 635 542 721; x_wconf 86' lang='grc' dir='ltr'><em>άμα</em></span> <span class='ocrx_word' id='word_1_27' title='bbox 568 641 623 706; x_wconf 80' lang='grc' dir='ltr'><em>καί</em></span> <span class='ocrx_word' id='word_1_28' title='bbox 646 637 726 724; x_wconf 85' lang='grc' dir='ltr'><em>μετά</em></span> <span class='ocrx_word' id='word_1_29' title='bbox 755 643 853 724; x_wconf 75' lang='grc' dir='ltr'><em>σιγῆς.</em></span> <span class='ocrx_word' id='word_1_30' title='bbox 871 639 915 716; x_wconf 81' lang='grc' dir='ltr'><em>τός</em></span> <span class='ocrx_word' id='word_1_31' title='bbox 930 641 966 704; x_wconf 78' lang='grc' dir='ltr'><em>δὲ</em></span> <span class='ocrx_word' id='word_1_32' title='bbox 985 641 1123 721; x_wconf 77' lang='grc' dir='ltr'><em>ἐγένοντο</em></span> <span class='ocrx_word' id='word_1_33' title='bbox 1143 636 1235 724; x_wconf 70' lang='grc' dir='ltr'><em>έργός</em></span> 
     </span>
     <span class='ocr_line' id='line_1_5' title="bbox 157 735 1235 826; baseline -0.002 -21"><span class='ocrx_word' id='word_1_34' title='bbox 157 743 288 826; x_wconf 80' lang='grc' dir='ltr'><em>Φεράν,</em></span> <span class='ocrx_word' id='word_1_35' title='bbox 309 740 476 822; x_wconf 79' lang='grc' dir='ltr'><em>διαβάντες</em></span> <span class='ocrx_word' id='word_1_36' title='bbox 497 736 649 821; x_wconf 88' lang='grc' dir='ltr'><em>ποτάμιόν</em></span> <span class='ocrx_word' id='word_1_37' title='bbox 669 761 702 802; x_wconf 89' lang='grc' dir='ltr'><em>τι</em></span> <span class='ocrx_word' id='word_1_38' title='bbox 722 737 886 822; x_wconf 82' lang='grc' dir='ltr'><em>λεγόμενον</em></span> <span class='ocrx_word' id='word_1_39' title='bbox 905 735 1116 821; x_wconf 75' lang='grc' dir='ltr'><em>Λιβοβιστόν,</em></span> <span class='ocrx_word' id='word_1_40' title='bbox 1145 735 1235 825; x_wconf 75' lang='grc' dir='ltr'><em>ἔστη-</em></span> 
     </span>
     <span class='ocr_line' id='line_1_6' title="bbox 132 836 1333 936; baseline 0.005 -33"><span class='ocrx_word' id='word_1_41' title='bbox 132 847 216 912; x_wconf 83' lang='grc' dir='ltr'><em>5σαν</em></span> <span class='ocrx_word' id='word_1_42' title='bbox 241 839 513 923; x_wconf 71' lang='grc' dir='ltr'><em>παρατεταγμένοι</em></span> <span class='ocrx_word' id='word_1_43' title='bbox 541 836 584 914; x_wconf 78' lang='grc' dir='ltr'><em>τός</em></span> <span class='ocrx_word' id='word_1_44' title='bbox 617 843 683 912; x_wconf 89' lang='grc' dir='ltr'><em>τοῖς</em></span> <span class='ocrx_word' id='word_1_45' title='bbox 719 838 873 912; x_wconf 73' lang='grc' dir='ltr'><em>ἐναντίοις</em></span> <span class='ocrx_word' id='word_1_46' title='bbox 901 839 1142 936; x_wconf 79' lang='grc' dir='ltr'><em>συμβρλοόντες.</em></span> <span class='ocrx_word' id='word_1_47' title='bbox 1180 841 1333 913; x_wconf 52' lang='lat' dir='ltr'><strong>salvaro</strong></span> 
     </span>
     <span class='ocr_line' id='line_1_7' title="bbox 155 929 1261 1028; baseline 0 -26"><span class='ocrx_word' id='word_1_48' title='bbox 155 934 417 1021; x_wconf 75' lang='grc' dir='ltr'><em>διημερεύσαντες</em></span> <span class='ocrx_word' id='word_1_49' title='bbox 435 933 515 1018; x_wconf 84' lang='grc' dir='ltr'><em>ε’κεῖ,</em></span> <span class='ocrx_word' id='word_1_50' title='bbox 533 938 602 1000; x_wconf 73' lang='lat' dir='ltr'><strong>lusi</strong></span> <span class='ocrx_word' id='word_1_51' title='bbox 619 929 721 1011; x_wconf 85' lang='grc' dir='ltr'><em>οόδείς</em></span> <span class='ocrx_word' id='word_1_52' title='bbox 736 930 843 1028; x_wconf 82' lang='grc' dir='ltr'><em>αότοῖς</em></span> <span class='ocrx_word' id='word_1_53' title='bbox 859 935 1101 1022; x_wconf 72' lang='grc' dir='ltr'><em>ἀντεπεξῆλθον,</em></span> <span class='ocrx_word' id='word_1_54' title='bbox 1121 937 1261 1022; x_wconf 61' lang='lat' dir='ltr'><strong>iarael}</strong></span> 
     </span>
     <span class='ocr_line' id='line_1_8' title="bbox 155 1028 1237 1120; baseline 0 -20"><span class='ocrx_word' id='word_1_55' title='bbox 155 1030 379 1100; x_wconf 87' lang='grc' dir='ltr'><em>τοπεδεόσαντό</em></span> <span class='ocrx_word' id='word_1_56' title='bbox 399 1038 433 1098; x_wconf 77' lang='grc' dir='ltr'><em>τε</em></span> <span class='ocrx_word' id='word_1_57' title='bbox 453 1036 508 1100; x_wconf 76' lang='grc' dir='ltr'><em>κατ’</em></span> <span class='ocrx_word' id='word_1_58' title='bbox 528 1035 784 1119; x_wconf 76' lang='grc' dir='ltr'><em>διενυκτέρευσαν</em></span> <span class='ocrx_word' id='word_1_59' title='bbox 811 1037 884 1100; x_wconf 73' lang='grc' dir='ltr'><em>ἐκεῖ.</em></span> <span class='ocrx_word' id='word_1_60' title='bbox 914 1031 943 1100; x_wconf 74' lang='grc' dir='ltr'><em>οἱ</em></span> <span class='ocrx_word' id='word_1_61' title='bbox 963 1036 999 1100; x_wconf 77' lang='lat' dir='ltr'><em>dd</em></span> <span class='ocrx_word' id='word_1_62' title='bbox 1017 1035 1072 1120; x_wconf 76' lang='grc' dir='ltr'><em>τῆς</em></span> <span class='ocrx_word' id='word_1_63' title='bbox 1090 1028 1237 1120; x_wconf 70' lang='grc' dir='ltr'><em>ἑσπερίου</em></span> 
     </span>
     <span class='ocr_line' id='line_1_9' title="bbox 154 1129 1237 1219; baseline 0 -21"><span class='ocrx_word' id='word_1_64' title='bbox 154 1135 305 1219; x_wconf 86' lang='grc' dir='ltr'><em>στρατιάς</em></span> <span class='ocrx_word' id='word_1_65' title='bbox 337 1131 488 1216; x_wconf 77' lang='grc' dir='ltr'><em>ἡγεμόνες</em></span> <span class='ocrx_word' id='word_1_66' title='bbox 526 1130 782 1217; x_wconf 77' lang='grc' dir='ltr'><em>ἐκκλησιάσαντας</em></span> <span class='ocrx_word' id='word_1_67' title='bbox 814 1135 868 1218; x_wconf 81' lang='grc' dir='ltr'><em>τῆς</em></span> <span class='ocrx_word' id='word_1_68' title='bbox 898 1129 1009 1217; x_wconf 80' lang='grc' dir='ltr'><em>αότῆς</em></span> <span class='ocrx_word' id='word_1_69' title='bbox 1030 1131 1141 1209; x_wconf 81' lang='grc' dir='ltr'><em>νυκτός</em></span> <span class='ocrx_word' id='word_1_70' title='bbox 1168 1130 1237 1214; x_wconf 86' lang='grc' dir='ltr'><em>άμα</em></span> 
     </span>
     <span class='ocr_line' id='line_1_10' title="bbox 157 1229 1237 1320; baseline 0.001 -25"><span class='ocrx_word' id='word_1_71' title='bbox 157 1233 282 1319; x_wconf 79' lang='grc' dir='ltr'><em>Χρέλῃ,</em></span> <span class='ocrx_word' id='word_1_72' title='bbox 312 1232 354 1317; x_wconf 79' lang='grc' dir='ltr'><em>τῷ</em></span> <span class='ocrx_word' id='word_1_73' title='bbox 390 1233 455 1296; x_wconf 81' lang='grc' dir='ltr'><em>τάν</em></span> <span class='ocrx_word' id='word_1_74' title='bbox 485 1229 661 1314; x_wconf 83' lang='grc' dir='ltr'><em>συμμάχων</em></span> <span class='ocrx_word' id='word_1_75' title='bbox 694 1233 858 1317; x_wconf 59' lang='lat' dir='ltr'><strong>Tartarea</strong></span> <span class='ocrx_word' id='word_1_76' title='bbox 883 1232 1062 1320; x_wconf 71' lang='grc' dir='ltr'><em>στρατηγῷ,</em></span> <span class='ocrx_word' id='word_1_77' title='bbox 1090 1233 1237 1313; x_wconf 81' lang='grc' dir='ltr'><em>έβουλεό-</em></span> 
     </span>
     <span class='ocr_line' id='line_1_11' title="bbox 117 1323 1239 1412; baseline 0.004 -22"><span class='ocrx_word' id='word_1_78' title='bbox 117 1349 246 1411; x_wconf 86' lang='grc' dir='ltr'><em>ιοοντο,</em></span> <span class='ocrx_word' id='word_1_79' title='bbox 268 1329 299 1394; x_wconf 80' lang='grc' dir='ltr'><em>εἰ</em></span> <span class='ocrx_word' id='word_1_80' title='bbox 324 1331 392 1394; x_wconf 84' lang='grc' dir='ltr'><em>δέοι</em></span> <span class='ocrx_word' id='word_1_81' title='bbox 418 1325 583 1412; x_wconf 88' lang='grc' dir='ltr'><em>μάχεσθαι</em></span> <span class='ocrx_word' id='word_1_82' title='bbox 608 1333 748 1412; x_wconf 84' lang='grc' dir='ltr'><em>βασιλεῖ·</em></span> <span class='ocrx_word' id='word_1_83' title='bbox 777 1331 832 1394; x_wconf 84' lang='grc' dir='ltr'><em>καί</em></span> <span class='ocrx_word' id='word_1_84' title='bbox 857 1325 962 1406; x_wconf 77' lang='grc' dir='ltr'><em>ἔδοξεν</em></span> <span class='ocrx_word' id='word_1_85' title='bbox 987 1323 1164 1406; x_wconf 77' lang='grc' dir='ltr'><em>άλυόιτελὲς</em></span> <span class='ocrx_word' id='word_1_86' title='bbox 1183 1327 1239 1394; x_wconf 82' lang='grc' dir='ltr'><em>καί</em></span> 
     </span>
     <span class='ocr_line' id='line_1_12' title="bbox 150 1424 1360 1514; baseline -0.002 -20"><span class='ocrx_word' id='word_1_87' title='bbox 150 1424 325 1509; x_wconf 84' lang='grc' dir='ltr'><em>Ῥωμαίοις</em></span> <span class='ocrx_word' id='word_1_88' title='bbox 353 1425 409 1492; x_wconf 79' lang='grc' dir='ltr'><em>καί</em></span> <span class='ocrx_word' id='word_1_89' title='bbox 433 1437 499 1504; x_wconf 88' lang='grc' dir='ltr'><em>τοῖς</em></span> <span class='ocrx_word' id='word_1_90' title='bbox 526 1427 715 1510; x_wconf 88' lang='grc' dir='ltr'><em>συμμάχοις.</em></span> <span class='ocrx_word' id='word_1_91' title='bbox 744 1425 842 1514; x_wconf 74' lang='grc' dir='ltr'><em>ἦμάρ</em></span> <span class='ocrx_word' id='word_1_92' title='bbox 864 1427 996 1506; x_wconf 82' lang='grc' dir='ltr'><em>εόταξία</em></span> <span class='ocrx_word' id='word_1_93' title='bbox 1016 1428 1107 1513; x_wconf 74' lang='grc' dir='ltr'><em>καὶῆ</em></span> <span class='ocrx_word' id='word_1_94' title='bbox 1133 1427 1246 1512; x_wconf 84' lang='grc' dir='ltr'><em>σιωπὴ·</em></span> <span class='ocrx_word' id='word_1_95' title='bbox 1355 1459 1360 1466; x_wconf 72' lang='grc'><strong><em>’</em></strong></span> 
     </span>
     <span class='ocr_line' id='line_1_13' title="bbox 154 1521 1236 1613; baseline 0.001 -22"><span class='ocrx_word' id='word_1_96' title='bbox 154 1529 212 1591; x_wconf 82' lang='grc' dir='ltr'><em>καί</em></span> <span class='ocrx_word' id='word_1_97' title='bbox 228 1527 249 1611; x_wconf 82' lang='grc' dir='ltr'><em>ἦ</em></span> <span class='ocrx_word' id='word_1_98' title='bbox 270 1530 420 1613; x_wconf 75' lang='grc' dir='ltr'><em>καρτερία</em></span> <span class='ocrx_word' id='word_1_99' title='bbox 439 1529 492 1612; x_wconf 82' lang='grc' dir='ltr'><em>τῆς</em></span> <span class='ocrx_word' id='word_1_100' title='bbox 511 1529 664 1608; x_wconf 73' lang='grc' dir='ltr'><em>βασιλέως</em></span> <span class='ocrx_word' id='word_1_101' title='bbox 685 1529 831 1612; x_wconf 84' lang='grc' dir='ltr'><em>στρατιάς</em></span> <span class='ocrx_word' id='word_1_102' title='bbox 845 1528 914 1612; x_wconf 84' lang='grc' dir='ltr'><em>δέος</em></span> <span class='ocrx_word' id='word_1_103' title='bbox 934 1521 1041 1602; x_wconf 82' lang='grc' dir='ltr'><em>αότοῖς</em></span> <span class='ocrx_word' id='word_1_104' title='bbox 1060 1526 1099 1590; x_wconf 80' lang='lat' dir='ltr'><em>osi</em></span> <span class='ocrx_word' id='word_1_105' title='bbox 1125 1529 1236 1612; x_wconf 91' lang='grc' dir='ltr'><em>μετρί-</em></span> 
     </span>
     <span class='ocr_line' id='line_1_14' title="bbox 155 1617 1234 1711; baseline -0.003 -19"><span class='ocrx_word' id='word_1_106' title='bbox 155 1650 199 1701; x_wconf 87' lang='grc' dir='ltr'><em>οις</em></span> <span class='ocrx_word' id='word_1_107' title='bbox 218 1627 367 1707; x_wconf 74' lang='grc' dir='ltr'><em>ἐνεποίει,</em></span> <span class='ocrx_word' id='word_1_108' title='bbox 388 1623 433 1701; x_wconf 81' lang='grc' dir='ltr'><em>άς</em></span> <span class='ocrx_word' id='word_1_109' title='bbox 454 1625 512 1688; x_wconf 88' lang='grc' dir='ltr'><em>οόκ</em></span> <span class='ocrx_word' id='word_1_110' title='bbox 533 1619 572 1690; x_wconf 83' lang='grc' dir='ltr'><em>όν</em></span> <span class='ocrx_word' id='word_1_111' title='bbox 591 1624 699 1700; x_wconf 76' lang='grc' dir='ltr'><em>αὐτοῖς</em></span> <span class='ocrx_word' id='word_1_112' title='bbox 720 1617 820 1700; x_wconf 86' lang='grc' dir='ltr'><em>οότως</em></span> <span class='ocrx_word' id='word_1_113' title='bbox 841 1619 924 1710; x_wconf 80' lang='grc' dir='ltr'><em>όρμῆ</em></span> <span class='ocrx_word' id='word_1_114' title='bbox 952 1627 1089 1711; x_wconf 78' lang='grc' dir='ltr'><em>παρέστη</em></span> <span class='ocrx_word' id='word_1_115' title='bbox 1121 1627 1234 1706; x_wconf 88' lang='grc' dir='ltr'><em>δαιμο-</em></span> 
     </span>
     <span class='ocr_line' id='line_1_15' title="bbox 160 1719 1234 1811; baseline 0.002 -25"><span class='ocrx_word' id='word_1_116' title='bbox 160 1725 213 1787; x_wconf 87' lang='grc' dir='ltr'><em>νία</em></span> <span class='ocrx_word' id='word_1_117' title='bbox 241 1723 364 1788; x_wconf 70' lang='grc' dir='ltr'><em>πλείοσί</em></span> <span class='ocrx_word' id='word_1_118' title='bbox 386 1747 421 1788; x_wconf 87' lang='grc' dir='ltr'><em>τε</em></span> <span class='ocrx_word' id='word_1_119' title='bbox 447 1723 611 1807; x_wconf 87' lang='grc' dir='ltr'><em>μάχεσθαι</em></span> <span class='ocrx_word' id='word_1_120' title='bbox 639 1719 762 1788; x_wconf 81' lang='grc' dir='ltr'><em>ἓαυτάν</em></span> <span class='ocrx_word' id='word_1_121' title='bbox 788 1721 844 1787; x_wconf 84' lang='grc' dir='ltr'><em>καί</em></span> <span class='ocrx_word' id='word_1_122' title='bbox 870 1721 959 1810; x_wconf 84' lang='grc' dir='ltr'><em>παρά</em></span> <span class='ocrx_word' id='word_1_123' title='bbox 986 1721 1076 1788; x_wconf 88' lang='grc' dir='ltr'><em>πόλει</em></span> <span class='ocrx_word' id='word_1_124' title='bbox 1096 1726 1135 1811; x_wconf 75' lang='grc' dir='ltr'><em>τῇ</em></span> <span class='ocrx_word' id='word_1_125' title='bbox 1155 1745 1234 1810; x_wconf 83' lang='grc' dir='ltr'><em>σφε·</em></span> 
     </span>
     <span class='ocr_line' id='line_1_16' title="bbox 117 1816 1236 1912; baseline -0.001 -25"><span class='ocrx_word' id='word_1_126' title='bbox 117 1821 232 1912; x_wconf 72' lang='grc' dir='ltr'><em>ιΕτὲρρι</em></span> <span class='ocrx_word' id='word_1_127' title='bbox 261 1822 613 1909; x_wconf 76' lang='grc' dir='ltr'><em>στρατοπεδευομένοις,</em></span> <span class='ocrx_word' id='word_1_128' title='bbox 643 1822 674 1886; x_wconf 81' lang='grc' dir='ltr'><em>εἰ</em></span> <span class='ocrx_word' id='word_1_129' title='bbox 702 1821 746 1906; x_wconf 82' lang='grc' dir='ltr'><em>μὴ</em></span> <span class='ocrx_word' id='word_1_130' title='bbox 768 1821 920 1909; x_wconf 87' lang='grc' dir='ltr'><em>πρότερον</em></span> <span class='ocrx_word' id='word_1_131' title='bbox 936 1816 1019 1888; x_wconf 82' lang='grc' dir='ltr'><em>οότα</em></span> <span class='ocrx_word' id='word_1_132' title='bbox 1038 1821 1236 1908; x_wconf 78' lang='grc' dir='ltr'><em>παρεσκεύα-</em></span> 
     </span>
     <span class='ocr_line' id='line_1_17' title="bbox 157 1910 1355 2006; baseline -0.001 -21"><span class='ocrx_word' id='word_1_133' title='bbox 157 1945 218 1985; x_wconf 89' lang='grc' dir='ltr'><em>σαν</em></span> <span class='ocrx_word' id='word_1_134' title='bbox 238 1915 386 2002; x_wconf 77' lang='grc' dir='ltr'><em>ἑαυτοός,</em></span> <span class='ocrx_word' id='word_1_135' title='bbox 407 1919 451 1996; x_wconf 81' lang='grc' dir='ltr'><em>τός</em></span> <span class='ocrx_word' id='word_1_136' title='bbox 469 1917 491 2004; x_wconf 77' lang='grc' dir='ltr'><em>ἢ</em></span> <span class='ocrx_word' id='word_1_137' title='bbox 510 1919 683 2004; x_wconf 71' lang='grc' dir='ltr'><em>νικήσοντες</em></span> <span class='ocrx_word' id='word_1_138' title='bbox 703 1917 883 2004; x_wconf 85' lang='grc' dir='ltr'><em>μαχόμενοι</em></span> <span class='ocrx_word' id='word_1_139' title='bbox 900 1915 923 2006; x_wconf 81' lang='grc' dir='ltr'><em>ἢ</em></span> <span class='ocrx_word' id='word_1_140' title='bbox 940 1910 1126 2002; x_wconf 79' lang='grc' dir='ltr'><em>πεάοόμενοι</em></span> <span class='ocrx_word' id='word_1_141' title='bbox 1145 1919 1232 2005; x_wconf 86' lang='grc' dir='ltr'><em>παρά</em></span> <span class='ocrx_word' id='word_1_142' title='bbox 1351 2000 1355 2006; x_wconf 22' lang='grc' dir='ltr'>ι</span> 
     </span>
     <span class='ocr_line' id='line_1_18' title="bbox 153 2015 1255 2105; baseline 0 -23"><span class='ocrx_word' id='word_1_143' title='bbox 153 2017 214 2102; x_wconf 74' lang='grc' dir='ltr'><em>τὴν</em></span> <span class='ocrx_word' id='word_1_144' title='bbox 231 2017 347 2102; x_wconf 80' lang='grc' dir='ltr'><em>μάχην.</em></span> <span class='ocrx_word' id='word_1_145' title='bbox 368 2018 454 2098; x_wconf 83' lang='grc' dir='ltr'><em>ἔδοξε</em></span> <span class='ocrx_word' id='word_1_146' title='bbox 475 2021 511 2084; x_wconf 78' lang='grc' dir='ltr'><em>δὲ</em></span> <span class='ocrx_word' id='word_1_147' title='bbox 532 2015 641 2096; x_wconf 75' lang='grc' dir='ltr'><em>αὐτοῖς</em></span> <span class='ocrx_word' id='word_1_148' title='bbox 669 2025 858 2100; x_wconf 82' lang='grc' dir='ltr'><em>λυσιτελεῖν,</em></span> <span class='ocrx_word' id='word_1_149' title='bbox 885 2019 1013 2105; x_wconf 81' lang='grc' dir='ltr'><em>τειχὴρη</em></span> <span class='ocrx_word' id='word_1_150' title='bbox 1042 2021 1255 2102; x_wconf 76' lang='grc' dir='ltr'><em>κατέχονταςο</em></span> 
     </span>
     <span class='ocr_line' id='line_1_19' title="bbox 153 2113 1317 2204; baseline -0.003 -24"><span class='ocrx_word' id='word_1_151' title='bbox 153 2114 213 2200; x_wconf 77' lang='grc' dir='ltr'><em>τὴν</em></span> <span class='ocrx_word' id='word_1_152' title='bbox 241 2114 409 2204; x_wconf 84' lang='grc' dir='ltr'><em>στρατιάν,</em></span> <span class='ocrx_word' id='word_1_153' title='bbox 440 2126 591 2203; x_wconf 76' lang='grc' dir='ltr'><em>φρουρεῖν</em></span> <span class='ocrx_word' id='word_1_154' title='bbox 615 2115 673 2202; x_wconf 72' lang='grc' dir='ltr'><em>τὴν</em></span> <span class='ocrx_word' id='word_1_155' title='bbox 692 2113 781 2183; x_wconf 79' lang='grc' dir='ltr'><em>πόλιν</em></span> <span class='ocrx_word' id='word_1_156' title='bbox 806 2117 862 2182; x_wconf 82' lang='grc' dir='ltr'><em>καί</em></span> <span class='ocrx_word' id='word_1_157' title='bbox 879 2117 1046 2199; x_wconf 82' lang='grc' dir='ltr'><em>όπομένειν</em></span> <span class='ocrx_word' id='word_1_158' title='bbox 1072 2115 1128 2202; x_wconf 69' lang='grc' dir='ltr'><em>τὴν</em></span> <span class='ocrx_word' id='word_1_159' title='bbox 1147 2121 1237 2180; x_wconf 73' lang='grc' dir='ltr'><em>πολι·</em></span> <span class='ocrx_word' id='word_1_160' title='bbox 1274 2193 1278 2200; x_wconf 26' lang='lat'><strong><em>⁴</em></strong></span> <span class='ocrx_word' id='word_1_161' title='bbox 1312 2141 1317 2156; x_wconf 68' lang='lat'>¹</span> 
     </span>
     <span class='ocr_line' id='line_1_20' title="bbox 156 2209 1240 2308; baseline 0.001 -32"><span class='ocrx_word' id='word_1_162' title='bbox 156 2220 282 2300; x_wconf 81' lang='grc' dir='ltr'><em>ορκίαν,</em></span> <span class='ocrx_word' id='word_1_163' title='bbox 311 2215 355 2294; x_wconf 85' lang='grc' dir='ltr'><em>εός</em></span> <span class='ocrx_word' id='word_1_164' title='bbox 384 2219 441 2281; x_wconf 82' lang='grc' dir='ltr'><em>τοῦ</em></span> <span class='ocrx_word' id='word_1_165' title='bbox 470 2219 625 2297; x_wconf 80' lang='grc' dir='ltr'><em>βασιλέως</em></span> <span class='ocrx_word' id='word_1_166' title='bbox 654 2215 692 2280; x_wconf 77' lang='lat' dir='ltr'><strong>ori</strong></span> <span class='ocrx_word' id='word_1_167' title='bbox 712 2218 953 2300; x_wconf 77' lang='grc' dir='ltr'><em>περιμενοῦντος</em></span> <span class='ocrx_word' id='word_1_168' title='bbox 973 2217 1139 2308; x_wconf 75' lang='grc' dir='ltr'><em>ἐνταυθοῖ,</em></span> <span class='ocrx_word' id='word_1_169' title='bbox 1168 2209 1240 2288; x_wconf 74' lang='grc' dir='ltr'><em>ἀλλ’,</em></span> 
     </span>
     <span class='ocr_line' id='line_1_21' title="bbox 114 2309 1238 2402; baseline -0.002 -22"><span class='ocrx_word' id='word_1_170' title='bbox 114 2317 446 2399; x_wconf 74' lang='grc' dir='ltr'><em>τοὲπαναστρέιμοντος</em></span> <span class='ocrx_word' id='word_1_171' title='bbox 463 2317 595 2399; x_wconf 82' lang='grc' dir='ltr'><em>ταχέως.</em></span> <span class='ocrx_word' id='word_1_172' title='bbox 617 2309 683 2395; x_wconf 86' lang='grc' dir='ltr'><em>άμα</em></span> <span class='ocrx_word' id='word_1_173' title='bbox 704 2316 738 2378; x_wconf 77' lang='grc' dir='ltr'><em>δὲ</em></span> <span class='ocrx_word' id='word_1_174' title='bbox 759 2317 800 2402; x_wconf 79' lang='grc' dir='ltr'><em>ἓρι</em></span> <span class='ocrx_word' id='word_1_175' title='bbox 821 2312 864 2391; x_wconf 80' lang='grc' dir='ltr'><em>εἷς</em></span> <span class='ocrx_word' id='word_1_176' title='bbox 878 2313 935 2399; x_wconf 71' lang='grc' dir='ltr'><em>τὴν</em></span> <span class='ocrx_word' id='word_1_177' title='bbox 954 2314 1125 2401; x_wconf 73' lang='grc' dir='ltr'><em>ὑστεραίαν</em></span> <span class='ocrx_word' id='word_1_178' title='bbox 1145 2312 1238 2398; x_wconf 78' lang='grc' dir='ltr'><em>ὄβα-</em></span> 
     </span>
     <span class='ocr_line' id='line_1_22' title="bbox 155 2410 1310 2502; baseline 0 -21"><span class='ocrx_word' id='word_1_179' title='bbox 155 2411 262 2489; x_wconf 84' lang='grc' dir='ltr'><em>σιλεός</em></span> <span class='ocrx_word' id='word_1_180' title='bbox 287 2413 343 2497; x_wconf 78' lang='grc' dir='ltr'><em>τὴν</em></span> <span class='ocrx_word' id='word_1_181' title='bbox 371 2411 523 2502; x_wconf 85' lang='grc' dir='ltr'><em>στρατιάν</em></span> <span class='ocrx_word' id='word_1_182' title='bbox 554 2411 752 2499; x_wconf 74' lang='grc' dir='ltr'><em>άπλισμένρν</em></span> <span class='ocrx_word' id='word_1_183' title='bbox 783 2413 965 2499; x_wconf 84' lang='grc' dir='ltr'><em>παρατάξας</em></span> <span class='ocrx_word' id='word_1_184' title='bbox 995 2410 1037 2492; x_wconf 77' lang='grc' dir='ltr'><em>τός</em></span> <span class='ocrx_word' id='word_1_185' title='bbox 1058 2415 1092 2491; x_wconf 77' lang='grc' dir='ltr'><em>ἐς</em></span> <span class='ocrx_word' id='word_1_186' title='bbox 1110 2416 1237 2501; x_wconf 78' lang='grc' dir='ltr'><em>μάχην,</em></span> <span class='ocrx_word' id='word_1_187' title='bbox 1304 2411 1310 2435; x_wconf 80' lang='lat'><em>&#39;</em></span> 
     </span>
     <span class='ocr_line' id='line_1_23' title="bbox 155 2504 1237 2597; baseline 0.006 -22"><span class='ocrx_word' id='word_1_188' title='bbox 155 2504 236 2595; x_wconf 86' lang='grc' dir='ltr'><em>άχρι</em></span> <span class='ocrx_word' id='word_1_189' title='bbox 249 2510 565 2597; x_wconf 81' lang='grc' dir='ltr'><em>μεσεμβρίας,έμεινε</em></span> <span class='ocrx_word' id='word_1_190' title='bbox 594 2509 654 2597; x_wconf 90' lang='grc' dir='ltr'><em>πρό</em></span> <span class='ocrx_word' id='word_1_191' title='bbox 672 2514 734 2577; x_wconf 83' lang='grc' dir='ltr'><em>τάν</em></span> <span class='ocrx_word' id='word_1_192' title='bbox 754 2514 885 2595; x_wconf 80' lang='grc' dir='ltr'><em>τειχῶν,</em></span> <span class='ocrx_word' id='word_1_193' title='bbox 912 2512 1046 2591; x_wconf 73' lang='grc' dir='ltr'><em>ἐλπίζων</em></span> <span class='ocrx_word' id='word_1_194' title='bbox 1076 2516 1110 2589; x_wconf 79' lang='grc' dir='ltr'><em>ἐς</em></span> <span class='ocrx_word' id='word_1_195' title='bbox 1127 2513 1237 2597; x_wconf 84' lang='grc' dir='ltr'><em>μάχην</em></span> 
     </span>
     <span class='ocr_line' id='line_1_24' title="bbox 155 2600 1303 2695; baseline 0.002 -22"><span class='ocrx_word' id='word_1_196' title='bbox 155 2608 413 2695; x_wconf 75' lang='grc' dir='ltr'><em>προκαλέσασθαι</em></span> <span class='ocrx_word' id='word_1_197' title='bbox 430 2600 510 2687; x_wconf 81' lang='grc' dir='ltr'><em>Ιτούς</em></span> <span class='ocrx_word' id='word_1_198' title='bbox 531 2602 637 2677; x_wconf 66' lang='grc' dir='ltr'><em>ἔνδον.</em></span> <span class='ocrx_word' id='word_1_199' title='bbox 658 2605 701 2687; x_wconf 79' lang='grc' dir='ltr'><em>ὥς</em></span> <span class='ocrx_word' id='word_1_200' title='bbox 728 2614 765 2674; x_wconf 82' lang='grc' dir='ltr'><em>δὲ</em></span> <span class='ocrx_word' id='word_1_201' title='bbox 793 2609 896 2685; x_wconf 82' lang='grc' dir='ltr'><em>οόδείς</em></span> <span class='ocrx_word' id='word_1_202' title='bbox 923 2610 1031 2688; x_wconf 86' lang='grc' dir='ltr'><em>αότοῖς</em></span> <span class='ocrx_word' id='word_1_203' title='bbox 1050 2606 1236 2693; x_wconf 64' lang='lat' dir='ltr'><strong>inmetata,</strong></span> <span class='ocrx_word' id='word_1_204' title='bbox 1298 2644 1303 2658; x_wconf 55' lang='grc' dir='ltr'><em>ι</em></span> 
     </span>
     <span class='ocr_line' id='line_1_25' title="bbox 155 2704 1260 2794; baseline 0.001 -22"><span class='ocrx_word' id='word_1_205' title='bbox 155 2706 210 2772; x_wconf 87' lang='grc' dir='ltr'><em>τόν</em></span> <span class='ocrx_word' id='word_1_206' title='bbox 230 2712 358 2775; x_wconf 86' lang='grc' dir='ltr'><em>Λουκάν</em></span> <span class='ocrx_word' id='word_1_207' title='bbox 386 2708 417 2773; x_wconf 89' lang='grc' dir='ltr'><strong>Γ</strong></span> <span class='ocrx_word' id='word_1_208' title='bbox 414 2708 542 2793; x_wconf 76' lang='grc' dir='ltr'><em>εάργιον</em></span> <span class='ocrx_word' id='word_1_209' title='bbox 567 2710 713 2792; x_wconf 80' lang='grc' dir='ltr'><em>πέπομφε</em></span> <span class='ocrx_word' id='word_1_210' title='bbox 741 2708 821 2793; x_wconf 88' lang='grc' dir='ltr'><em>πρός</em></span> <span class='ocrx_word' id='word_1_211' title='bbox 841 2704 958 2787; x_wconf 84' lang='grc' dir='ltr'><em>αότοός</em></span> <span class='ocrx_word' id='word_1_212' title='bbox 979 2708 996 2774; x_wconf 93' lang='grc' dir='ltr'><em>ό</em></span> <span class='ocrx_word' id='word_1_213' title='bbox 1016 2708 1181 2794; x_wconf 79' lang='grc' dir='ltr'><em>βασιλεός,</em></span> <span class='ocrx_word' id='word_1_214' title='bbox 1201 2710 1260 2773; x_wconf 69' lang='lat' dir='ltr'><strong>der.</strong></span> 
     </span>
    </p>
   </div>
   <div class='ocr_carea' id='block_1_3' title="bbox 3 2798 1239 2888">
    <p class='ocr_par' dir='ltr' id='par_1_3' title="bbox 3 2798 1239 2888">
     <span class='ocr_line' id='line_1_26' title="bbox 3 2798 1239 2888; baseline 0.002 -19"><span class='ocrx_word' id='word_1_215' title='bbox 3 2812 8 2823; x_wconf 89' lang='lat'><em>&#39;</em></span> <span class='ocrx_word' id='word_1_216' title='bbox 117 2806 223 2872; x_wconf 71' lang='grc' dir='ltr'><em>οὔτῶν</em></span> <span class='ocrx_word' id='word_1_217' title='bbox 251 2807 375 2871; x_wconf 80' lang='grc' dir='ltr'><em>οἰκετάν</em></span> <span class='ocrx_word' id='word_1_218' title='bbox 401 2807 461 2888; x_wconf 81' lang='grc' dir='ltr'><em>μὲν</em></span> <span class='ocrx_word' id='word_1_219' title='bbox 492 2798 567 2871; x_wconf 75' lang='grc' dir='ltr'><em>ὄντα</em></span> <span class='ocrx_word' id='word_1_220' title='bbox 596 2808 659 2871; x_wconf 81' lang='grc' dir='ltr'><em>τεόν</em></span> <span class='ocrx_word' id='word_1_221' title='bbox 687 2801 805 2888; x_wconf 81' lang='grc' dir='ltr'><em>αότοό,</em></span> <span class='ocrx_word' id='word_1_222' title='bbox 836 2804 961 2872; x_wconf 88' lang='grc' dir='ltr'><em>συνετόν</em></span> <span class='ocrx_word' id='word_1_223' title='bbox 989 2810 1025 2872; x_wconf 80' lang='grc' dir='ltr'><em>δὲ</em></span> <span class='ocrx_word' id='word_1_224' title='bbox 1055 2799 1156 2882; x_wconf 83' lang='grc' dir='ltr'><em>άλλως</em></span> <span class='ocrx_word' id='word_1_225' title='bbox 1183 2806 1239 2871; x_wconf 76' lang='grc' dir='ltr'><em>καὶ</em></span> 
     </span>
    </p>
   </div>
   <div class='ocr_carea' id='block_1_4' title="bbox 157 2901 1311 3110">
    <p class='ocr_par' dir='ltr' id='par_1_4' title="bbox 157 2901 1311 3110">
     <span class='ocr_line' id='line_1_27' title="bbox 157 2901 1311 2991; baseline 0.001 -25"><span class='ocrx_word' id='word_1_226' title='bbox 157 2901 237 2989; x_wconf 88' lang='grc' dir='ltr'><em>πρός</em></span> <span class='ocrx_word' id='word_1_227' title='bbox 264 2906 432 2991; x_wconf 73' lang='grc' dir='ltr'><em>πρεσβείας</em></span> <span class='ocrx_word' id='word_1_228' title='bbox 459 2901 571 2987; x_wconf 83' lang='grc' dir='ltr'><em>ἔχοντα</em></span> <span class='ocrx_word' id='word_1_229' title='bbox 598 2904 787 2989; x_wconf 78' lang='grc' dir='ltr'><em>ἐπιτηδείως.</em></span> <span class='ocrx_word' id='word_1_230' title='bbox 833 2902 871 2971; x_wconf 85' lang='grc' dir='ltr'><em>όν</em></span> <span class='ocrx_word' id='word_1_231' title='bbox 890 2903 1052 2989; x_wconf 75' lang='grc' dir='ltr'><em>γενόμενόν</em></span> <span class='ocrx_word' id='word_1_232' title='bbox 1071 2902 1150 2990; x_wconf 87' lang='grc' dir='ltr'><em>πρός</em></span> <span class='ocrx_word' id='word_1_233' title='bbox 1168 2911 1239 2979; x_wconf 82' lang='grc' dir='ltr'><em>ταῖς</em></span> <span class='ocrx_word' id='word_1_234' title='bbox 1276 2942 1283 2947; x_wconf 93' lang='grc'>-</span> <span class='ocrx_word' id='word_1_235' title='bbox 1307 2907 1311 2921; x_wconf 88' lang='grc'><strong>“</strong></span> 
     </span>
     <span class='ocr_line' id='line_1_28' title="bbox 227 3036 754 3110; baseline 0.011 -20"><span class='ocrx_word' id='word_1_236' title='bbox 227 3040 252 3109; x_wconf 77' lang='grc'><em>4,</em></span> <span class='ocrx_word' id='word_1_237' title='bbox 270 3039 327 3091; x_wconf 87' lang='lat' dir='ltr'><em>MS.</em></span> <span class='ocrx_word' id='word_1_238' title='bbox 346 3040 430 3110; x_wconf 89' lang='lat' dir='ltr'><strong>lntpr.</strong></span> <span class='ocrx_word' id='word_1_239' title='bbox 449 3036 645 3110; x_wconf 81' lang='grc' dir='ltr'><em>Λιβοβιοστόν.</em></span> <span class='ocrx_word' id='word_1_240' title='bbox 658 3044 717 3096; x_wconf 82' lang='grc' dir='ltr'><em>ΕΙ).</em></span> <span class='ocrx_word' id='word_1_241' title='bbox 726 3042 754 3095; x_wconf 83' lang='grc' dir='ltr'><em>Ρ.</em></span> 
     </span>
    </p>
   </div>
   <div class='ocr_carea' id='block_1_5' title="bbox 157 3154 1274 4209">
    <p class='ocr_par' dir='ltr' id='par_1_5' title="bbox 157 3154 1274 4209">
     <span class='ocr_line' id='line_1_29' title="bbox 158 3154 1274 3229; baseline -0.004 -18"><span class='ocrx_word' id='word_1_242' title='bbox 158 3174 239 3229; x_wconf 76' lang='lat' dir='ltr'><strong>quam</strong></span> <span class='ocrx_word' id='word_1_243' title='bbox 266 3174 329 3210; x_wconf 87' lang='lat' dir='ltr'><em>eum</em></span> <span class='ocrx_word' id='word_1_244' title='bbox 358 3156 438 3211; x_wconf 89' lang='lat' dir='ltr'><strong>hoste</strong></span> <span class='ocrx_word' id='word_1_245' title='bbox 464 3160 574 3213; x_wconf 79' lang='lat' dir='ltr'><strong>iamiam</strong></span> <span class='ocrx_word' id='word_1_246' title='bbox 603 3159 777 3222; x_wconf 73' lang='lat' dir='ltr'><strong>dimicaturi,</strong></span> <span class='ocrx_word' id='word_1_247' title='bbox 804 3177 854 3229; x_wconf 80' lang='lat' dir='ltr'><em>per</em></span> <span class='ocrx_word' id='word_1_248' title='bbox 878 3159 951 3212; x_wconf 90' lang='lat' dir='ltr'><strong>diem</strong></span> <span class='ocrx_word' id='word_1_249' title='bbox 979 3158 1166 3211; x_wconf 83' lang='lat' dir='ltr'><strong>constiterunt</strong></span> <span class='ocrx_word' id='word_1_250' title='bbox 1203 3154 1240 3207; x_wconf 83' lang='lat' dir='ltr'><strong>Ut</strong></span> <span class='ocrx_word' id='word_1_251' title='bbox 1266 3158 1274 3177; x_wconf 87' lang='grc'><strong>’</strong></span> 
     </span>
     <span class='ocr_line' id='line_1_30' title="bbox 158 3225 1241 3299; baseline -0.003 -19"><span class='ocrx_word' id='word_1_252' title='bbox 158 3245 239 3280; x_wconf 90' lang='lat' dir='ltr'><strong>nemo</strong></span> <span class='ocrx_word' id='word_1_253' title='bbox 260 3238 353 3281; x_wconf 84' lang='lat' dir='ltr'><strong>eontra</strong></span> <span class='ocrx_word' id='word_1_254' title='bbox 363 3231 440 3293; x_wconf 82' lang='lat' dir='ltr'><strong>exiit,</strong></span> <span class='ocrx_word' id='word_1_255' title='bbox 458 3233 551 3283; x_wconf 87' lang='lat' dir='ltr'><strong>eastris</strong></span> <span class='ocrx_word' id='word_1_256' title='bbox 568 3229 674 3283; x_wconf 82' lang='lat' dir='ltr'><strong>ibidem</strong></span> <span class='ocrx_word' id='word_1_257' title='bbox 692 3231 799 3299; x_wconf 87' lang='lat' dir='ltr'><strong>positis,</strong></span> <span class='ocrx_word' id='word_1_258' title='bbox 812 3239 921 3282; x_wconf 86' lang='lat' dir='ltr'><strong>noctem</strong></span> <span class='ocrx_word' id='word_1_259' title='bbox 941 3228 1086 3284; x_wconf 80' lang='lat' dir='ltr'><strong>duxerunt.</strong></span> <span class='ocrx_word' id='word_1_260' title='bbox 1105 3225 1189 3294; x_wconf 87' lang='lat' dir='ltr'><strong>Quai</strong></span> <span class='ocrx_word' id='word_1_261' title='bbox 1210 3242 1241 3277; x_wconf 83' lang='lat' dir='ltr'><em>ss</em></span> 
     </span>
     <span class='ocr_line' id='line_1_31' title="bbox 158 3242 1241 3365; baseline -0.005 -14"><span class='ocrx_word' id='word_1_262' title='bbox 158 3308 239 3351; x_wconf 87' lang='lat' dir='ltr'><strong>nocte</strong></span> <span class='ocrx_word' id='word_1_263' title='bbox 257 3299 627 3365; x_wconf 75' lang='lat' dir='ltr'><strong>copiarum‘oeeidentalium</strong></span> <span class='ocrx_word' id='word_1_264' title='bbox 644 3300 744 3361; x_wconf 89' lang='lat' dir='ltr'><strong>duces,</strong></span> <span class='ocrx_word' id='word_1_265' title='bbox 776 3288 905 3351; x_wconf 74' lang='lat' dir='ltr'><strong>adiuncto</strong></span> <span class='ocrx_word' id='word_1_266' title='bbox 924 3300 1007 3351; x_wconf 85' lang='lat' dir='ltr'><strong>etiam</strong></span> <span class='ocrx_word' id='word_1_267' title='bbox 1025 3296 1123 3349; x_wconf 89' lang='lat' dir='ltr'><strong>Chrele</strong></span> <span class='ocrx_word' id='word_1_268' title='bbox 1141 3242 1241 3347; x_wconf 64' lang='lat' dir='ltr'><strong>Triba-</strong></span> 
     </span>
     <span class='ocr_line' id='line_1_32' title="bbox 158 3364 1241 3441; baseline -0.002 -22"><span class='ocrx_word' id='word_1_269' title='bbox 158 3368 247 3419; x_wconf 89' lang='lat' dir='ltr'><strong>lorum</strong></span> <span class='ocrx_word' id='word_1_270' title='bbox 265 3368 393 3433; x_wconf 87' lang='lat' dir='ltr'><strong>duetore,</strong></span> <span class='ocrx_word' id='word_1_271' title='bbox 416 3370 450 3421; x_wconf 92' lang='lat' dir='ltr'><em>de</em></span> <span class='ocrx_word' id='word_1_272' title='bbox 467 3383 558 3441; x_wconf 80' lang='lat' dir='ltr'><strong>pugna</strong></span> <span class='ocrx_word' id='word_1_273' title='bbox 575 3369 769 3421; x_wconf 85' lang='lat' dir='ltr'><strong>committenda</strong></span> <span class='ocrx_word' id='word_1_274' title='bbox 789 3369 982 3439; x_wconf 81' lang='lat' dir='ltr'><strong>disceptarunt.</strong></span> <span class='ocrx_word' id='word_1_275' title='bbox 1018 3368 1181 3429; x_wconf 79' lang='lat' dir='ltr'>Decretum,</span> <span class='ocrx_word' id='word_1_276' title='bbox 1210 3364 1241 3417; x_wconf 84' lang='lat' dir='ltr'><em>id</em></span> 
     </span>
     <span class='ocr_line' id='line_1_33' title="bbox 158 3435 1238 3511; baseline -0.001 -23"><span class='ocrx_word' id='word_1_277' title='bbox 158 3454 249 3507; x_wconf 88' lang='lat' dir='ltr'><strong>neque</strong></span> <span class='ocrx_word' id='word_1_278' title='bbox 267 3439 411 3502; x_wconf 81' lang='lat' dir='ltr'><strong>Romanis,</strong></span> <span class='ocrx_word' id='word_1_279' title='bbox 428 3456 517 3511; x_wconf 86' lang='lat' dir='ltr'><strong>neque</strong></span> <span class='ocrx_word' id='word_1_280' title='bbox 536 3442 616 3493; x_wconf 87' lang='lat' dir='ltr'><strong>sociis</strong></span> <span class='ocrx_word' id='word_1_281' title='bbox 634 3440 704 3491; x_wconf 89' lang='lat' dir='ltr'><strong>bene</strong></span> <span class='ocrx_word' id='word_1_282' title='bbox 718 3456 847 3493; x_wconf 81' lang='lat' dir='ltr'><strong>casurum.</strong></span> <span class='ocrx_word' id='word_1_283' title='bbox 872 3437 981 3490; x_wconf 80' lang='lat' dir='ltr'><strong>Etenim</strong></span> <span class='ocrx_word' id='word_1_284' title='bbox 998 3445 1054 3487; x_wconf 87' lang='lat' dir='ltr'><em>tam</em></span> <span class='ocrx_word' id='word_1_285' title='bbox 1071 3444 1143 3487; x_wconf 85' lang='lat' dir='ltr'><strong>ratus</strong></span> <span class='ocrx_word' id='word_1_286' title='bbox 1161 3435 1238 3498; x_wconf 86' lang='lat' dir='ltr'><strong>ordo,</strong></span> 
     </span>
     <span class='ocr_line' id='line_1_34' title="bbox 159 3507 1238 3579; baseline -0.001 -22"><span class='ocrx_word' id='word_1_287' title='bbox 159 3507 300 3559; x_wconf 86' lang='lat' dir='ltr'><strong>silentium</strong></span> <span class='ocrx_word' id='word_1_288' title='bbox 318 3516 347 3560; x_wconf 87' lang='lat' dir='ltr'><em>et</em></span> <span class='ocrx_word' id='word_1_289' title='bbox 370 3511 513 3563; x_wconf 77' lang='lat' dir='ltr'><strong>tolerantia</strong></span> <span class='ocrx_word' id='word_1_290' title='bbox 541 3510 754 3561; x_wconf 78' lang='lat' dir='ltr'><strong>adversariorum</strong></span> <span class='ocrx_word' id='word_1_291' title='bbox 781 3528 838 3561; x_wconf 89' lang='lat' dir='ltr'><em>non</em></span> <span class='ocrx_word' id='word_1_292' title='bbox 860 3524 973 3579; x_wconf 81' lang='lat' dir='ltr'><strong>parrum</strong></span> <span class='ocrx_word' id='word_1_293' title='bbox 991 3508 1030 3558; x_wconf 90' lang='lat' dir='ltr'><em>eis</em></span> <span class='ocrx_word' id='word_1_294' title='bbox 1048 3508 1172 3557; x_wconf 85' lang='lat' dir='ltr'><strong>timorem</strong></span> <span class='ocrx_word' id='word_1_295' title='bbox 1192 3508 1238 3557; x_wconf 91' lang='lat' dir='ltr'><em>in-</em></span> 
     </span>
     <span class='ocr_line' id='line_1_35' title="bbox 160 3575 1238 3647; baseline 0 -20"><span class='ocrx_word' id='word_1_296' title='bbox 160 3576 283 3630; x_wconf 82' lang='lat' dir='ltr'><strong>cutiebat</strong></span> <span class='ocrx_word' id='word_1_297' title='bbox 299 3578 510 3643; x_wconf 74' lang='lat' dir='ltr'><strong>arbitrantibus,</strong></span> <span class='ocrx_word' id='word_1_298' title='bbox 530 3598 586 3631; x_wconf 88' lang='lat' dir='ltr'><em>non</em></span> <span class='ocrx_word' id='word_1_299' title='bbox 606 3596 651 3643; x_wconf 81' lang='lat' dir='ltr'><em>eus</em></span> <span class='ocrx_word' id='word_1_300' title='bbox 669 3588 723 3630; x_wconf 86' lang='lat' dir='ltr'><em>tam</em></span> <span class='ocrx_word' id='word_1_301' title='bbox 742 3581 858 3647; x_wconf 82' lang='lat' dir='ltr'><strong>mirilico</strong></span> <span class='ocrx_word' id='word_1_302' title='bbox 888 3582 991 3644; x_wconf 84' lang='lat' dir='ltr'><strong>impetu</strong></span> <span class='ocrx_word' id='word_1_303' title='bbox 1010 3578 1044 3628; x_wconf 88' lang='lat' dir='ltr'><em>sd</em></span> <span class='ocrx_word' id='word_1_304' title='bbox 1064 3575 1238 3646; x_wconf 80' lang='lat' dir='ltr'><strong>pugnandum</strong></span> 
     </span>
     <span class='ocr_line' id='line_1_36' title="bbox 159 3646 1238 3717; baseline 0.001 -21"><span class='ocrx_word' id='word_1_305' title='bbox 159 3662 221 3697; x_wconf 89' lang='lat' dir='ltr'><em>eum</em></span> <span class='ocrx_word' id='word_1_306' title='bbox 245 3648 368 3715; x_wconf 87' lang='lat' dir='ltr'><strong>pluribus</strong></span> <span class='ocrx_word' id='word_1_307' title='bbox 395 3660 424 3703; x_wconf 89' lang='lat' dir='ltr'><em>et</em></span> <span class='ocrx_word' id='word_1_308' title='bbox 443 3666 519 3701; x_wconf 86' lang='lat' dir='ltr'><strong>suam</strong></span> <span class='ocrx_word' id='word_1_309' title='bbox 543 3652 661 3717; x_wconf 89' lang='lat' dir='ltr'><strong>ipsorum</strong></span> <span class='ocrx_word' id='word_1_310' title='bbox 690 3650 786 3701; x_wconf 89' lang='lat' dir='ltr'><strong>urbem</strong></span> <span class='ocrx_word' id='word_1_311' title='bbox 810 3646 994 3702; x_wconf 88' lang='lat' dir='ltr'><strong>insidentibus</strong></span> <span class='ocrx_word' id='word_1_312' title='bbox 1017 3646 1082 3698; x_wconf 81' lang='lat' dir='ltr'><strong>ferri</strong></span> <span class='ocrx_word' id='word_1_313' title='bbox 1106 3647 1238 3716; x_wconf 83' lang='lat' dir='ltr'><strong>potuisse,</strong></span> 
     </span>
     <span class='ocr_line' id='line_1_37' title="bbox 159 3716 1239 3789; baseline 0 -23"><span class='ocrx_word' id='word_1_314' title='bbox 159 3717 189 3767; x_wconf 87' lang='lat' dir='ltr'><em>ni</em></span> <span class='ocrx_word' id='word_1_315' title='bbox 207 3716 281 3783; x_wconf 86' lang='lat' dir='ltr'><strong>prius</strong></span> <span class='ocrx_word' id='word_1_316' title='bbox 302 3735 392 3770; x_wconf 86' lang='lat' dir='ltr'><strong>secum</strong></span> <span class='ocrx_word' id='word_1_317' title='bbox 417 3721 499 3789; x_wconf 81' lang='lat' dir='ltr'><strong>plane</strong></span> <span class='ocrx_word' id='word_1_318' title='bbox 524 3720 729 3771; x_wconf 83' lang='lat' dir='ltr'><strong>constituissent</strong></span> <span class='ocrx_word' id='word_1_319' title='bbox 754 3722 785 3771; x_wconf 91' lang='lat' dir='ltr'><em>in</em></span> <span class='ocrx_word' id='word_1_320' title='bbox 802 3720 908 3789; x_wconf 86' lang='lat' dir='ltr'><strong>proelio</strong></span> <span class='ocrx_word' id='word_1_321' title='bbox 931 3726 979 3769; x_wconf 82' lang='lat' dir='ltr'><em>aut</em></span> <span class='ocrx_word' id='word_1_322' title='bbox 995 3719 1102 3769; x_wconf 83' lang='lat' dir='ltr'><strong>vincere</strong></span> <span class='ocrx_word' id='word_1_323' title='bbox 1121 3724 1169 3767; x_wconf 87' lang='lat' dir='ltr'><em>aut</em></span> <span class='ocrx_word' id='word_1_324' title='bbox 1191 3732 1239 3767; x_wconf 88' lang='lat' dir='ltr'><em>oe·</em></span> 
     </span>
     <span class='ocr_line' id='line_1_38' title="bbox 159 3784 1238 3860; baseline -0.002 -23"><span class='ocrx_word' id='word_1_325' title='bbox 159 3784 295 3839; x_wconf 83' lang='lat' dir='ltr'><strong>cumbere.</strong></span> <span class='ocrx_word' id='word_1_326' title='bbox 324 3789 428 3842; x_wconf 86' lang='lat' dir='ltr'><strong>Placuit</strong></span> <span class='ocrx_word' id='word_1_327' title='bbox 447 3793 537 3860; x_wconf 78' lang='lat' dir='ltr'><strong>igitur,</strong></span> <span class='ocrx_word' id='word_1_328' title='bbox 555 3790 626 3839; x_wconf 85' lang='lat' dir='ltr'><strong>intra</strong></span> <span class='ocrx_word' id='word_1_329' title='bbox 645 3805 734 3841; x_wconf 89' lang='lat' dir='ltr'><strong>muros</strong></span> <span class='ocrx_word' id='word_1_330' title='bbox 753 3808 783 3841; x_wconf 87' lang='lat' dir='ltr'><em>se</em></span> <span class='ocrx_word' id='word_1_331' title='bbox 805 3789 961 3859; x_wconf 84' lang='lat' dir='ltr'><strong>continere,</strong></span> <span class='ocrx_word' id='word_1_332' title='bbox 979 3785 1074 3839; x_wconf 87' lang='lat' dir='ltr'><strong>urbem</strong></span> <span class='ocrx_word' id='word_1_333' title='bbox 1091 3786 1238 3855; x_wconf 83' lang='lat' dir='ltr'><strong>custodire,</strong></span> 
     </span>
     <span class='ocr_line' id='line_1_39' title="bbox 159 3854 1237 3927; baseline 0.003 -21"><span class='ocrx_word' id='word_1_334' title='bbox 159 3863 189 3907; x_wconf 87' lang='lat' dir='ltr'><em>et</em></span> <span class='ocrx_word' id='word_1_335' title='bbox 206 3854 378 3910; x_wconf 71' lang='lat' dir='ltr'><strong>obsidionem</strong></span> <span class='ocrx_word' id='word_1_336' title='bbox 395 3862 526 3913; x_wconf 88' lang='lat' dir='ltr'><strong>tolerare:</strong></span> <span class='ocrx_word' id='word_1_337' title='bbox 546 3876 577 3910; x_wconf 82' lang='lat' dir='ltr'><em>ee</em></span> <span class='ocrx_word' id='word_1_338' title='bbox 594 3860 617 3911; x_wconf 93' lang='lat' dir='ltr'><em>si</em></span> <span class='ocrx_word' id='word_1_339' title='bbox 635 3858 780 3927; x_wconf 87' lang='lat' dir='ltr'><strong>impera-tor</strong></span> <span class='ocrx_word' id='word_1_340' title='bbox 798 3860 845 3911; x_wconf 90' lang='lat' dir='ltr'><em>diu</em></span> <span class='ocrx_word' id='word_1_341' title='bbox 864 3859 923 3910; x_wconf 80' lang='lat' dir='ltr'><strong>illic</strong></span> <span class='ocrx_word' id='word_1_342' title='bbox 941 3856 1070 3909; x_wconf 82' lang='lat' dir='ltr'><strong>haesuros</strong></span> <span class='ocrx_word' id='word_1_343' title='bbox 1089 3874 1145 3909; x_wconf 90' lang='lat' dir='ltr'><em>non</em></span> <span class='ocrx_word' id='word_1_344' title='bbox 1159 3865 1237 3909; x_wconf 74' lang='lat' dir='ltr'><strong>esset,</strong></span> 
     </span>
     <span class='ocr_line' id='line_1_40' title="bbox 158 3926 1240 3999; baseline -0.003 -18"><span class='ocrx_word' id='word_1_345' title='bbox 158 3926 306 3990; x_wconf 86' lang='lat' dir='ltr'><strong>Postridie,</strong></span> <span class='ocrx_word' id='word_1_346' title='bbox 315 3938 409 3983; x_wconf 84' lang='lat' dir='ltr'><strong>exorta</strong></span> <span class='ocrx_word' id='word_1_347' title='bbox 420 3932 490 3993; x_wconf 85' lang='lat' dir='ltr'><strong>luce,</strong></span> <span class='ocrx_word' id='word_1_348' title='bbox 503 3931 659 3999; x_wconf 81' lang='lat' dir='ltr'><strong>imperator,</strong></span> <span class='ocrx_word' id='word_1_349' title='bbox 673 3936 774 3981; x_wconf 87' lang='lat' dir='ltr'><strong>armato</strong></span> <span class='ocrx_word' id='word_1_350' title='bbox 789 3937 818 3981; x_wconf 89' lang='lat' dir='ltr'><em>et</em></span> <span class='ocrx_word' id='word_1_351' title='bbox 834 3928 966 3996; x_wconf 88' lang='lat' dir='ltr'><strong>disposito</strong></span> <span class='ocrx_word' id='word_1_352' title='bbox 980 3930 1059 3998; x_wconf 87' lang='lat' dir='ltr'><strong>qussi</strong></span> <span class='ocrx_word' id='word_1_353' title='bbox 1071 3927 1106 3980; x_wconf 87' lang='lat' dir='ltr'><strong>ad</strong></span> <span class='ocrx_word' id='word_1_354' title='bbox 1122 3941 1240 3997; x_wconf 81' lang='lat' dir='ltr'><strong>pugnam</strong></span> 
     </span>
     <span class='ocr_line' id='line_1_41' title="bbox 158 3996 1240 4071; baseline 0.001 -24"><span class='ocrx_word' id='word_1_355' title='bbox 158 3997 266 4059; x_wconf 86' lang='lat' dir='ltr'><strong>milite,</strong></span> <span class='ocrx_word' id='word_1_356' title='bbox 291 3996 325 4049; x_wconf 91' lang='lat' dir='ltr'><strong>ad</strong></span> <span class='ocrx_word' id='word_1_357' title='bbox 346 4001 490 4053; x_wconf 86' lang='lat' dir='ltr'><strong>meridiem</strong></span> <span class='ocrx_word' id='word_1_358' title='bbox 509 4018 597 4071; x_wconf 84' lang='lat' dir='ltr'><strong>usque</strong></span> <span class='ocrx_word' id='word_1_359' title='bbox 619 4016 668 4069; x_wconf 87' lang='lat' dir='ltr'><em>spe</em></span> <span class='ocrx_word' id='word_1_360' title='bbox 684 3999 770 4052; x_wconf 87' lang='lat' dir='ltr'><strong>bostis</strong></span> <span class='ocrx_word' id='word_1_361' title='bbox 797 3996 926 4051; x_wconf 84' lang='lat' dir='ltr'><strong>eliciendi</strong></span> <span class='ocrx_word' id='word_1_362' title='bbox 951 4006 1015 4051; x_wconf 79' lang='lat' dir='ltr'><strong>unte</strong></span> <span class='ocrx_word' id='word_1_363' title='bbox 1039 4014 1129 4050; x_wconf 88' lang='lat' dir='ltr'><strong>muros</strong></span> <span class='ocrx_word' id='word_1_364' title='bbox 1146 4013 1240 4066; x_wconf 88' lang='lat' dir='ltr'><strong>perse-</strong></span> 
     </span>
     <span class='ocr_line' id='line_1_42' title="bbox 158 4067 1240 4143; baseline 0.001 -28"><span class='ocrx_word' id='word_1_365' title='bbox 158 4074 242 4118; x_wconf 80' lang='lat' dir='ltr'><strong>verat</strong></span> <span class='ocrx_word' id='word_1_366' title='bbox 279 4067 360 4121; x_wconf 85' lang='lat' dir='ltr'><strong>Nullo</strong></span> <span class='ocrx_word' id='word_1_367' title='bbox 379 4070 530 4143; x_wconf 55' lang='lat' dir='ltr'><strong>prodeunte</strong></span> <span class='ocrx_word' id='word_1_368' title='bbox 540 4108 548 4135; x_wconf 91' lang='lat'><strong>,</strong></span> <span class='ocrx_word' id='word_1_369' title='bbox 566 4072 665 4123; x_wconf 86' lang='lat' dir='ltr'><strong>Lucam</strong></span> <span class='ocrx_word' id='word_1_370' title='bbox 684 4070 830 4138; x_wconf 75' lang='lat' dir='ltr'><strong>Georgium</strong></span> <span class='ocrx_word' id='word_1_371' title='bbox 848 4067 883 4120; x_wconf 89' lang='lat' dir='ltr'><em>de</em></span> <span class='ocrx_word' id='word_1_372' title='bbox 901 4067 1080 4124; x_wconf 78' lang='lat' dir='ltr'><strong>familiaribus</strong></span> <span class='ocrx_word' id='word_1_373' title='bbox 1098 4068 1240 4127; x_wconf 74' lang='lat' dir='ltr'><strong>ministris,</strong></span> 
     </span>
     <span class='ocr_line' id='line_1_43' title="bbox 157 4134 1239 4209; baseline -0.001 -22"><span class='ocrx_word' id='word_1_374' title='bbox 157 4138 246 4189; x_wconf 82' lang='lat' dir='ltr'><strong>virum</strong></span> <span class='ocrx_word' id='word_1_375' title='bbox 267 4146 355 4189; x_wconf 81' lang='lat' dir='ltr'><strong>aetum</strong></span> <span class='ocrx_word' id='word_1_376' title='bbox 376 4148 404 4191; x_wconf 86' lang='lat' dir='ltr'><em>et</em></span> <span class='ocrx_word' id='word_1_377' title='bbox 428 4140 609 4209; x_wconf 77' lang='lat' dir='ltr'><strong>legationibus</strong></span> <span class='ocrx_word' id='word_1_378' title='bbox 635 4140 770 4203; x_wconf 71' lang='lat' dir='ltr'><strong>obeuoc&#39;s</strong></span> <span class='ocrx_word' id='word_1_379' title='bbox 789 4138 918 4191; x_wconf 87' lang='lat' dir='ltr'><strong>idoneum</strong></span> <span class='ocrx_word' id='word_1_380' title='bbox 942 4140 977 4191; x_wconf 83' lang='lat' dir='ltr'><em>ed</em></span> <span class='ocrx_word' id='word_1_381' title='bbox 1004 4156 1050 4192; x_wconf 92' lang='lat' dir='ltr'><em>eos</em></span> <span class='ocrx_word' id='word_1_382' title='bbox 1069 4138 1163 4189; x_wconf 85' lang='lat' dir='ltr'><strong>mittit.</strong></span> <span class='ocrx_word' id='word_1_383' title='bbox 1198 4134 1239 4187; x_wconf 80' lang='lat' dir='ltr'><em>Ad</em></span> 
     </span>
    </p>
   </div>
   <div class='ocr_carea' id='block_1_6' title="bbox 158 4206 1240 4279">
    <p class='ocr_par' dir='ltr' id='par_1_6' title="bbox 158 4206 1240 4279">
     <span class='ocr_line' id='line_1_44' title="bbox 158 4206 1240 4279; baseline -0.001 -19"><span class='ocrx_word' id='word_1_384' title='bbox 158 4216 266 4279; x_wconf 79' lang='lat' dir='ltr'><strong>portam</strong></span> <span class='ocrx_word' id='word_1_385' title='bbox 285 4216 317 4261; x_wconf 90' lang='lat' dir='ltr'><strong>ut</strong></span> <span class='ocrx_word' id='word_1_386' title='bbox 336 4212 459 4275; x_wconf 70' lang='lat' dir='ltr'><strong>recusit,</strong></span> <span class='ocrx_word' id='word_1_387' title='bbox 476 4226 536 4279; x_wconf 80' lang='lat' dir='ltr'><strong>pars</strong></span> <span class='ocrx_word' id='word_1_388' title='bbox 548 4210 719 4265; x_wconf 77' lang='lat' dir='ltr'><strong>intromittar</strong></span> <span class='ocrx_word' id='word_1_389' title='bbox 741 4226 786 4264; x_wconf 87' lang='lat' dir='ltr'><strong>rm</strong></span> <span class='ocrx_word' id='word_1_390' title='bbox 802 4206 902 4272; x_wconf 78' lang='lat' dir='ltr'><strong>dicere,</strong></span> <span class='ocrx_word' id='word_1_391' title='bbox 920 4226 982 4279; x_wconf 78' lang='lat' dir='ltr'><strong>pars</strong></span> <span class='ocrx_word' id='word_1_392' title='bbox 1009 4226 1117 4279; x_wconf 70' lang='lat' dir='ltr'><strong>negare.</strong></span> <span class='ocrx_word' id='word_1_393' title='bbox 1135 4206 1240 4259; x_wconf 79' lang='lat' dir='ltr'><strong>Tamen</strong></span> 
     </span>
    </p>
   </div>
   <div class='ocr_carea' id='block_1_7' title="bbox 0 0 1520 4900">
    <p class='ocr_par' dir='ltr' id='par_1_7' title="bbox 0 0 1520 4900">
     <span class='ocr_line' id='line_1_45' title="bbox 0 0 1520 4900; baseline 0 0"><span class='ocrx_word' id='word_1_394' title='bbox 0 0 1520 4900; x_wconf 95' lang='lat' dir='ltr'><em> </em></span> 
     </span>
    </p>
   </div>
  </div>
 </body>
</html>
