3025 4900
328 313 385 417 54
727 343 1011 410 canrscuznnr

180 509 251 568 tc.
264 499 385 578 ιοτοτής
403 497 575 580 συγκλήτου
593 499 650 562 κατ’
662 497 739 575 τούς
759 499 794 564 ἐν
813 501 896 566 τέλει
914 501 948 566 ἐν
963 499 1055 588 δεινῷ
1073 497 1256 582 τιθεμένους
1268 495 1328 587 τήν
1342 503 1410 570 τοοκ

324 595 481 676 βασιλέων
495 593 718 681 διαφορόνκαδ
727 600 829 662 κακῶν
846 595 983 684 νιφόδας
996 602 1039 688 τῷ
1049 601 1143 688 κοινῷ
1154 603 1217 666 τῶν
1233 601 1411 684 Ῥωμαίων

327 693 367 756 οδ
382 691 510 776 μετρίας
527 695 779 778 προσδοκούντας
792 696 849 760 καὶ
861 699 935 781 περὶ
956 695 1074 762 τούτων
1091 695 1169 784 πρός
1188 697 1339 784 ἀλλήλους
1356 701 1412 768 διδ

326 790 574 872 διαλεγομένους,
588 795 644 856 καί
654 791 885 878 προσδοκόμους
898 783 992 870 ὄντας
1004 799 1061 858 κατ’
1069 799 1198 877 βασιλεῖ
1207 798 1410 876 διαλέξεσθαι

324 886 476 974 περὶτοῦ
494 885 541 974 μή
563 890 630 953 δεῖν
648 887 851 975 νεωτερίζειν,
872 885 941 955 ἄλλ’
962 893 1017 981 &qis
1037 888 1093 958 τόν
1114 890 1237 976 ἔγγονον
1256 895 1311 959 tut
1326 889 1432 980 σχήό

324 1008 425 1067 ματος
443 979 534 1068 εἶναι,
555 985 599 1062 ὥς
617 984 764 1070 μεγάλαν
783 989 886 1053 κακοῖν
905 988 1008 1064 αι’τόας
1028 991 1175 1074 ἐσομένης
1193 993 1248 1055 καί
1266 996 1411 1078 ταραχῆς

295 1086 386 1170 Βτής
396 1081 544 1170 τοιαύτης
559 1082 791 1168 ἐπιχειρήσεως,
802 1085 872 1164 ἐπεὶ
882 1083 969 1167 ἔδοξε
983 1099 1143 1175 καρτερεῖν
1156 1087 1192 1154 τό
1206 1091 1321 1172 μέλλον
1329 1091 1410 1155 ἐπο-

325 1182 483 1268 βήσεσδαι
501 1186 707 1265 σκοποῦντας,
728 1187 989 1262 ἐξαποστέλλουσι
1008 1183 1084 1272 πρὸς
1106 1187 1231 1278 Θρᾴκην
1250 1185 1305 1254 τόν
1324 1193 1410 1276 Συρ-

324 1282 452 1368 γιόννην
471 1287 527 1368 τῆς
547 1283 649 1367 ἐρχής
668 1281 949 1368 ἐπιμελησόμενον,
971 1279 1063 1351 ariana*
1081 1287 1117 1352 δὲ
1137 1291 1407 1374 προσεκαρτέρουν

323 1387 361 1470 τῇ
383 1379 635 1447 Κωνσταντινου.
676 1381 712 1444 ἐν
731 1379 854 1457 τούτοις
878 1384 915 1446 δὲ
935 1384 999 1450 τῶν
1018 1383 1213 1469 πραγμάτων
1230 1375 1349 1468 όντων,
1388 1382 1454 1450 δίο

323 1485 423 1564 μέγας
447 1481 648 1555 κονοοταῦλος
669 1475 843 1566 Μιχαήλδ
871 1483 1034 1565 Τορνόκης,
1066 1481 1221 1568 μητρόθεν
1248 1487 1309 1563 μὲν
1328 1483 1409 1548 κατὰ

323 1582 410 1663 γένος
427 1577 588 1663 προσήκων
601 1579 647 1665 τῷ
662 1579 865 1665 πρεσβυτέρῳ
881 1581 944 1641 τῶν
959 1583 1125 1661 βασιλέοιν,
1147 1579 1202 1644 καὶ
1219 1575 1334 1668 πολλής
1353 1577 1408 1646 τδ-

323 1675 448 1758 μεντόας
463 1672 630 1742 ἀπολαύων
647 1680 724 1761 παρ’
740 1671 829 1762 αύτῷ
843 1674 899 1740 καί
911 1680 1003 1760 τιμῆς
1020 1677 1058 1741 οδ
1073 1679 1170 1760 μόνον
1188 1679 1241 1744 διδ
1256 1678 1314 1766 τήν
1330 1705 1409 1765 συγ-

323 1778 454 1858 γένειαν,
471 1773 540 1838 ἄλλ’
556 1769 604 1838 ότι
618 1775 675 1847 και*
689 1769 804 1858 φρενός
821 1763 860 1856 ἦν
875 1775 1009 1855 βαθείας
1025 1778 1082 1840 καὶ
1094 1773 1168 1852 τούς
1182 1776 1315 1862 τρόπους
1328 1779 1408 1862 α’γα-

324 1871 385 1950 δός
401 1877 457 1937 καί
470 1871 550 1957 πρός
565 1869 622 1948 τός
634 1872 792 1956 ἐπαρχίας
805 1863 851 1938 νόν
866 1866 950 1958 ἦρξε,
971 1874 1126 1954 βασιλέως
1141 1872 1290 1958 διδόντος,
1317 1879 1453 1943 εδνο-ιὸ

247 1987 277 2052 γ.
287 1968 470 2053 37μοότατος
483 1969 539 2034 καὶ
551 1970 797 2044 σπουδαιότατος
813 1969 926 2055 ἐφάνη,
945 1962 1033 2046 ούτσς
1046 1969 1085 2054 δή
1101 1975 1140 2059 τῇ
1152 1973 1232 2060 πρός
1244 1971 1340 2040 αδτόν
1354 1969 1408 2038 εό-

323 2069 430 2159 μενειλρ
450 2073 510 2134 τοῦ
527 2071 681 2152 βασιλέως
706 2065 894 2155 θαρρήσας,
930 2073 1091 2154 προσήλθέ
1112 2095 1147 2136 τε
1176 2070 1231 2136 κατ’
1257 2074 1409 2158 διελέχθη
1448 2063 1451 2070 ’

323 2165 432 2254 κρύφα
451 2171 525 2253 περὶ
542 2169 695 2249 βασιλέως
713 2171 772 2231 τοῦ
792 2169 875 2249 νόου,
897 2165 932 2233 τό
948 2161 1064 2234 ἄτοπον
1080 2167 1123 2244 cic
1138 2168 1221 2245 εἰκός
1235 2173 1298 2236 τῶν
1314 2176 1410 2253 μελε-

323 2269 471 2347 τωμένων
490 2263 685 2349 όποδεικνύς,
706 2267 763 2332 καό
781 2265 826 2344 οἷς
845 2265 968 2346 πολλῶν
989 2264 1092 2331 ἐσοιτο
1112 2271 1285 2355 συμφορῶν
1305 2267 1409 2334 αἴτιον

322 2367 361 2451 τῇ
376 2367 524 2454 ’βασιλείρ
540 2352 716 2448 Ῥωμαίων,
737 2358 779 2430 ἐν
799 2388 833 2429 τε
854 2367 1046 2453 κατορδωδῇ
1065 2365 1101 2430 τό
1119 2365 1342 2451 μελετώμενον,
1365 2359 1455 2437 a's'vao

325 2486 360 2530 τε
378 2462 431 2548 μή.
453 2463 489 2528 τό
507 2466 537 2529 δ’
550 2463 628 2531 αότό
648 2470 742 2530 τοῦτο
763 2464 819 2529 καὶ
835 2464 1015 2548 Μετοχότης
1030 2468 1195 2550 λογοδέτης
1211 2463 1228 2531 ό
1242 2470 1349 2551 μέγας,
1372 2462 1408 2543 δς

323 2553 500 2642 μεσιτεόιον
526 2565 587 2644 μὲν
615 2563 687 2629 τότε
705 2566 745 2651 τῇ
766 2562 917 2647 διοικήσει
937 2565 1000 2628 τῶν
1026 2564 1197 2646 βασιλικοδν
1217 2561 1408 2650 πραγμύτων

397 2699 435 2739 rr.
459 2682 651 2739 κονοσταῦλος
676 2700 710 2735 ea
735 2689 858 2749 nostrate
883 2681 1015 2743 vocabolo
1040 2682 1210 2751 ιοπιειαέλις
1243 2683 1276 2735 al.
1303 2680 1408 2735 dicitnr

391 2751 684 2813 emensurarent).
705 2753 737 2816 P.

324 2871 393 2923 quos
412 2862 470 2907 tuna
492 2872 632 2931 proceres,
659 2863 718 2909 tam
740 2857 912 2925 magistratus
934 2852 1050 2907 dissidio
1076 2854 1269 2925 imperatorum
1289 2852 1406 2921 graviter

325 2924 444 2989 oriendi,
474 2924 713 2996 calamitatumque
741 2926 916 2977 densissimos
942 2922 1042 2976 imbres
1065 2924 1199 2976 communi
1224 2925 1406 2974 Romanorum

323 2994 392 3047 inde
420 3003 557 3058 metuere,
587 3004 616 3047 et
633 3013 677 3047 ens
697 2994 798 3047 crebris
824 3011 954 3064 usurpare
977 2994 1161 3056 sermonibus,
1189 2992 1404 3061 exspectarique,

326 3072 359 3115 nt
379 3062 465 3117 iidem
482 3081 544 3116 cnm
561 3068 725 3134 imperatore
745 3084 761 3116 a
779 3072 872 3127 erent,
897 3082 932 3116 ne
950 3063 1017 3133 quid
1034 3066 1098 3115 novi
1128 3072 1156 3115 et
1183 3058 1307 3115 inusitati
1326 3064 1406 3113 in'ce-

323 3142 427 3203 ptaret:
450 3134 500 3187 sed
516 3137 611 3203 nepoti
630 3082 789 3186 ornamenla
807 3136 980 3202 imperatoria
997 3136 1181 3201 permitteret3
1205 3131 1279 3203 quod
1299 3130 1407 3200 alioqui

325 3206 434 3257 molitio
451 3206 524 3256 senis
542 3206 695 3273 ingentium
713 3202 948 3255 incommodorum
966 3218 997 3253 ac
1012 3212 1134 3254 motuum
1152 3203 1245 3255 sutura
1259 3208 1330 3252 esset
1344 3218 1407 3251 ma-

326 3276 411 3336 teria,
435 3272 587 3325 durandum
607 3281 636 3325 et
672 3290 708 3325 no
733 3288 775 3324 res
795 3270 922 3324 evaderet
939 3271 1135 3323 observandum
1156 3288 1213 3323 osse
1231 3279 1404 3324 censuerunt

324 3344 421 3413 ltaque
440 3344 589 3412 Syrqianne
613 3344 643 3393 in
687 3342 805 3393 hraciam
823 3341 857 3393 nd
881 3342 1066 3411 praefecturae
1085 3358 1148 3393 snae
1165 3358 1263 3393 munus
1282 3342 1406 3404 dimisso,

322 3416 407 3466 ceteri
423 3411 660 3483 Constantinopoli
678 3411 790 3465 haerere
807 3419 987 3481 perseverant
1024 3412 1055 3463 ln
1079 3411 1132 3464 hoc
1148 3427 1237 3463 rerum
1256 3418 1328 3463 statu
1346 3428 1407 3461 ma-

322 3500 390 3553 gnus
412 3484 596 3536 wntoataulns
620 3481 739 3533 michael
757 3482 781 3533 T
783 3482 888 3535 orniccs
913 3480 973 3553 (qui
992 3491 1115 3533 materno
1136 3496 1234 3548 genere
1253 3482 1406 3549 imperato-

322 3570 379 3605 rem
403 3554 538 3605 seniorem
557 3551 723 3621 attingebat,
751 3568 802 3601 nec
819 3559 985 3619 postremum
1004 3552 1105 3620 gratiae
1122 3559 1150 3603 et
1170 3550 1342 3609 auctoritatis
1359 3550 1406 3601 lo-

322 3640 383 3675 cum
401 3622 473 3691 apud
491 3640 553 3675 eum
572 3620 698 3684 tenebat,
727 3638 783 3673 non
802 3628 908 3681 tantum
928 3623 994 3691 quia
1012 3630 1154 3689 cognatus,
1182 3618 1231 3672 sed
1259 3620 1323 3690 quia
1346 3636 1406 3672 non

320 3692 424 3760 vulgari
442 3691 597 3758 prudentia,
616 3701 645 3744 et
662 3708 767 3745 morum
785 3691 923 3759 probitate
943 3692 1082 3761 egregius,
1110 3699 1193 3761 ntqae
1212 3706 1227 3741 a
1245 3689 1405 3759 provinciis,

323 3778 390 3832 quas
416 3762 585 3829 imperatoris
610 3778 737 3815 concessu
768 3760 981 3825 administrarat,
1013 3760 1159 3830 aequitatis
1186 3768 1215 3811 et
1238 3760 1408 3829 integritatis

325 3829 434 3881 laudem
448 3830 588 3881 maalmam
601 3830 796 3900 reportaverat)
814 3828 860 3882 hic
878 3832 961 3899 igitur
982 3830 1067 3883 fretus
1082 3846 1113 3882 ea
1129 3832 1228 3900 qratia,
1256 3846 1310 3899 qua
1327 3830 1407 3880 valc-

325 3898 389 3960 bat,
412 3900 481 3949 dam
504 3900 566 3951 aliia
592 3899 627 3951 nal
650 3902 840 3969 imperatorem
860 3902 989 3961 accessit,
1021 3908 1051 3953 et
1073 3916 1134 3951 cum
1154 3916 1187 3951 eo
1205 3892 1286 3967 aupe'r
1303 3908 1406 3967 nepote

324 3968 483 4030 collocutus,
509 3984 590 4037 quam
615 3970 740 4022 alienas
764 3970 870 4022 ratione
887 3976 1018 4033 tentaret,
1045 3985 1101 4021 non
1118 3970 1255 4021 immerito
1274 3968 1406 4031 ostendit,

324 4054 458 4105 quamque
481 4039 565 4091 varias
589 4041 619 4091 in
643 4041 788 4109 imperium
806 4042 953 4095 Romanum
978 4039 1145 4091 calamitates
1164 4036 1319 4101 inveheret,
1348 4038 1407 4089 sire

321 4104 453 4158 meditata
470 4108 603 4170 feliciter,
629 4108 685 4167 sive
699 4120 794 4161 contra
806 4111 886 4171 irent,
904 4108 1106 4165 demonstravit.
1142 4108 1173 4159 lrl
1191 4110 1280 4177 ipsum
1298 4116 1326 4159 et
1343 4123 1404 4158 ma-

323 4192 390 4245 gnus
408 4176 546 4245 logotheta
563 4177 724 4231 Metochites
743 4181 881 4247 praestitit
880 4216 898 4241 ³
918 4181 966 4251 qui
988 4185 1046 4230 turn
1060 4179 1170 4229 domum
1190 4176 1403 4247 imperatoriam.

325 4247 383 4315 sisa
398 4248 488 4301 aulana
505 4248 631 4321 regebat,
649 4250 690 4312 vir
707 4248 812 4321 alioqui
827 4248 921 4313 sotera,
941 4257 969 4315 et
986 4265 1042 4311 uon
1059 4248 1224 4314 Christianis,
1239 4244 1335 4311 modo,
1354 4246 1406 4313 scri
