3025 4900
985 259 995 296 i

283 311 368 404 320
678 337 958 406 massonam

134 503 200 564 be
214 503 279 560 1328
288 493 434 568 διανοίας.
454 488 647 579 παραθήγων
662 493 698 558 δέ
715 491 798 576 ἡμᾶς
813 493 857 569 ele
873 489 928 577 τὴν
941 474 1091 577 ἐργασίαν
1106 496 1172 560 τάν
1193 498 1362 583 σωτηρίων

191 607 218 662 Ρ.
225 606 276 669 197
285 586 398 670 νόμων,
407 593 479 654 ποτὲ
497 591 556 671 μὲν
573 583 647 653 εἶπε·
659 585 840 674 „sidrudem
857 590 878 674 ἧ
895 589 1047 677 ἀριστερά
1059 614 1117 658 σου
1134 597 1171 657 τί
1181 595 1295 680 ποιεῖῆ
1310 597 1363 660 δο-

276 685 327 766 ξιά
337 684 655 768 σου”και’,,ει’σελθάν
671 687 716 761 εἰς
737 683 773 750 cd
787 688 930 768 ταμιεῖόν
947 712 1014 770 σου,
1022 688 1193 776 πρόσευξαι
1207 694 1252 778 τῷ
1264 696 1363 777 πατρί

280 807 338 850 σου
357 785 400 871 τῷ
413 785 446 850 έν
465 784 618 871 οάρανηῖ”
632 781 686 848 καί
702 785 830 869 προσέτι
847 785 990 866 ,κλείσας
1009 783 1066 870 τὴν
1079 785 1212 872 elpes?
1232 792 1307 854 ποτὲ
1322 793 1358 856 δέ

279 879 329 948 ὅτι
348 881 526 965 ,λαμψάτω
544 881 578 948 τό
598 885 667 969 φῶς
682 882 774 964 ducis
795 880 971 967 ἔμπροσθεν
983 885 1044 948 τῶν
1065 877 1254 970 ἀνθρώπων,
1274 883 1378 965 inoffi

280 981 373 1046 ἴδωσι
395 979 433 1044 τὰ
455 980 535 1045 sulci
556 981 646 1062 ὑμῶν
669 977 773 1065 ἔργα.”
792 983 948 1064 καίτοιγε
973 984 1017 1070 τῷ
1039 983 1139 1045 δοκεῖν
1164 981 1204 1046 sd
1227 989 1358 1050 τοιαῦτα

278 1081 520 1165 παραγγέλματα
543 1080 726 1144 ἀντίκεινται
751 1072 915 1162 ἀλλήλοις,
939 1079 1013 1160 έμοί
1031 1081 1067 1143 δέ
1082 1081 1200 1162 δοκεῖν,
1219 1089 1284 1156 τοῖς
1298 1084 1358 1162 μὲν

279 1171 421 1243 ἀτελέσιν
438 1177 512 1260 ἡμῖν
531 1179 586 1240 καί
599 1178 782 1257 δυναμένοις
800 1178 836 1241 ἐκ
852 1179 908 1261 τῆς
935 1177 1111 1256 ἐπιδείξεως
1128 1179 1191 1242 τῶν
1212 1179 1358 1259 καμάτων

278 1273 317 1341 ssi
338 1272 461 1340 ἔπαθλα
487 1275 748 1360 ἀποστερεῖσθαι,
776 1271 810 1340 τὸ
829 1272 1076 1360 ἐπικρύπτεσθαι
1106 1274 1191 1341 αάτά
1209 1277 1363 1361 εἰρῆσθαι,

280 1371 375 1440 παντί
387 1377 502 1439 σθένει·
520 1381 584 1450 τοῖς
603 1374 803 1450 διδασκάλοις
818 1375 854 1437 δέ
870 1373 946 1456 ὑμῖν
957 1375 1013 1437 καί
1029 1370 1129 1439 κοινὸν
1154 1374 1397 1459 παράδειγματο

249 1472 382 1559 Βδρθοῦ
406 1473 462 1538 καί
487 1469 646 1560 σώφρονος
661 1474 733 1553 βίου
752 1474 977 1557 προκειμένοις,
997 1467 1031 1536 τὸ
1051 1470 1184 1553 λάμπειν
1206 1469 1293 1554 ἀμῶν
1313 1471 1352 1539 sd

279 1567 359 1637 καλά
378 1567 473 1656 ἔργα,
493 1565 577 1646 ὅπως
594 1568 623 1634 oi
647 1567 756 1634 πολλοί
770 1568 921 1656 δρῶντες,
942 1567 997 1635 τάν
1016 1573 1135 1656 πατέρα
1150 1565 1238 1654 ἡμῶν
1265 1571 1357 1648 loisi-

280 1671 358 1748 ζωσι
373 1665 430 1733 τὸν
449 1669 482 1732 έν
508 1677 573 1744 τοῖς
592 1667 750 1755 οὐρανοῖς.
781 1665 835 1734 έάν
857 1670 961 1751 τοίνυν
986 1667 1096 1750 δμεῖς,
1125 1665 1155 1731 oi
1179 1674 1247 1754 φῶς
1268 1667 1356 1754 ἡμῶν

250 1786 254 1794 ·
279 1770 343 1831 τῶν
355 1768 617 1852 μαθητευομένων
638 1762 692 1830 καί
715 1775 785 1842 τοῖς
803 1763 938 1842 ἀπάταις
949 1768 1009 1830 cosi
1023 1765 1096 1850 βίου
1116 1767 1171 1830 καί
1190 1767 1356 1854 μερίμναις

277 1861 333 1928 καὶ
358 1863 486 1949 ἡδοναῖς
513 1865 773 1950 προσισχομένων
796 1865 914 1928 δίκαιοι
938 1855 1023 1939 ὄντες
1053 1859 1151 1946 εἶναι,
1181 1865 1279 1930 δεινοί
1301 1869 1395 1936 καίεὸ

278 1956 483 2048 ἀπαραίτητοι
502 1965 556 2026 καί
573 1965 729 2047 μηδεμίαν
747 1964 937 2048 παρέχοντες
954 1961 1137 2048 συγγνώμην
1156 1972 1220 2040 τοῖς
1246 1959 1357 2047 ἀδικὴ.

277 2084 354 2126 σασι
374 2059 432 2125 καί
445 2064 546 2136 κακαῖς
563 2062 648 2143 ὑμᾶς
670 2063 809 2126 διαθεῖσι
833 2065 970 2148 φανῆτε,
1002 2061 1041 2125 od
1057 2063 1177 2147 θηρίων
1190 2054 1355 2146 ἀνημέρων

277 2154 487 2246 ἀγριωτέρους
508 2160 591 2246 ἡμᾶς
618 2162 673 2226 καί
700 2160 879 2246 ἀμοτέρους
905 2157 1158 2248 παρασκευάσαι
1184 2161 1333 2242 γενέσθαι
1340 2184 1354 2240 3

276 2255 332 2323 καί
346 2257 539 2342 συμβήσεται
554 2258 642 2341 δμῖν,
663 2253 767 2343 ὥσπερ
786 2260 843 2322 τοῦ
856 2259 954 2322 καλοῦ
970 2257 1168 2344 παράδειγμα
1181 2259 1354 2339 γινομένοις

275 2355 356 2442 δπδρ
377 2359 433 2441 τῆς
455 2355 582 2422 πάντων
611 2351 766 2446 ἀφελείας
788 2353 874 2444 παρὰ
892 2358 951 2422 τοῦ
978 2354 1199 2444 φιλανθρώπου
1225 2357 1280 2420 καί
1304 2356 1396 2419 cis-ao

276 2456 368 2519 καίου
387 2460 565 2541 βραβευτοῦ
586 2454 750 2543 στεφάνων
776 2458 946 2539 ἀξιοῦσθαι
969 2459 1023 2520 καί
1046 2456 1165 2540 γερῶν,
1193 2446 1274 2517 οδτω
1297 2455 1354 2519 νῦν

255 2544 394 2640 ὒδφλειν
408 2552 446 2616 οδ
468 2552 524 2629 τάς
549 2553 707 2637 τυχούσας
728 2555 817 2629 δίκας
835 2554 913 2641 ὑπὲρ
939 2556 996 2618 τοῦ
1017 2554 1096 2618 πᾶσι
1115 2554 1233 2637 βλάβης
1253 2550 1356 2639 ἀφορ-

274 2650 339 2738 μὴν
359 2654 599 2737 παρεσχηκέναι.
620 2650 681 2735 ἐγώ
697 2655 732 2717 δὲ
748 2652 948 2738 παράδειγμα
965 2648 1203 2741 φιλανθρωπίας
1222 2646 1279 2715 καί
1290 2644 1352 2715 sissi

347 2804 371 2839 a.
390 2784 485 2838 Matth.
505 2801 563 2854 cap.
575 2785 601 2839 6.
618 2784 677 2839 BD.
688 2786 720 2844 Ρ.

277 2918 366 2967 mum,
397 2919 467 2975 quae
485 2903 513 2955 in
530 2902 648 2969 ,eandem
670 2903 834 2956 sententiam
852 2909 1009 2973 sequuntur.
1045 2902 1185 2955 Exseuens
1203 2917 1284 2971 porro
1303 2916 1353 2953 uos

278 2972 314 3025 ad
332 2972 461 3029 servanda
479 2983 622 3042 praecepta
640 2974 796 3035 salutifera,
820 2973 967 3043 aliquando
992 2970 1077 3025 dixit:
1102 2972 1215 3027 Nesciat
1236 2973 1353 3025 sinistra

277 3058 342 3105 tuo,
361 3040 432 3116 quid
458 3046 535 3095 aciat
552 3042 652 3097 dextra
669 3058 725 3097 tua.
748 3044 799 3105 Et,
823 3044 963 3113 Ingressus
976 3042 1132 3096 cubiculum
1149 3056 1240 3103 tuum,
1258 3042 1353 3094 cumo

277 3116 348 3167 ostio
365 3132 416 3165 oro
457 3126 543 3165 utrem
560 3126 645 3175 tuum,
664 3114 715 3183 qui
726 3114 759 3165 s'n
772 3114 857 3165 coelis
871 3126 933 3177 est„
955 3111 1108 3183 Aliquando
1126 3120 1231 3164 autem:
1247 3112 1353 3163 luceas

277 3184 328 3237 lust
343 3196 437 3236 vestra
459 3198 553 3235 corum
581 3182 750 3246 bominibus,
776 3194 807 3236 ut
824 3181 941 3236 videant
958 3198 1044 3253 opera
1063 3194 1157 3235 oestro
1179 3182 1259 3235 douo.
1294 3179 1352 3230 lise

277 3253 351 3321 leges
369 3252 488 3337 quamvis
507 3266 598 3303 secum
616 3268 734 3320 pugnare
751 3254 909 3314 videantur,
934 3260 1027 3304 tamen
1051 3254 1105 3304 nisi
1123 3252 1230 3304 oberrat
1247 3248 1352 3318 opinio,

278 3322 359 3375 nobis
380 3320 545 3391 imperfectis
563 3329 593 3373 et
610 3322 657 3392 qui
675 3338 814 3389 possumus
835 3339 868 3374 ex
888 3322 1071 3374 ostentatione
1095 3320 1218 3374 laborum
1242 3327 1353 3371 nostro·

278 3410 339 3445 rum
355 3394 475 3461 praemis
492 3392 617 3443 amittere
639 3391 743 3443 dictum
762 3399 816 3454 est,
843 3390 884 3443 uti
901 3390 975 3512 ipsos
998 3392 1063 3443 totis
1080 3391 1183 3444 visibus
1201 3388 1353 3442 absconda-

280 3476 353 3513 mus:
375 3462 451 3515 vobis
473 3468 563 3513 autem
580 3463 714 3530 magistris
732 3468 761 3512 et
776 3462 910 3513 communi
930 3477 963 3511 us
980 3470 1068 3513 rectae
1086 3460 1295 3532 inculpataeque
1312 3459 1356 3511 vl·

281 3538 325 3583 tae
346 3532 556 3601 exemplaribus,
587 3540 619 3583 ut
635 3532 743 3583 luceant
762 3548 844 3601 opera
862 3539 963 3583 vostras
988 3548 1042 3603 quo
1061 3530 1154 3593 multi,
1177 3530 1242 3581 dum
1260 3544 1293 3580 ea
1310 3528 1356 3579 in-

278 3607 405 3663 tuentur,
431 3602 535 3653 Patrem
552 3609 688 3665 nostrum,
714 3603 763 3671 qui
785 3604 816 3653 iu
833 3600 916 3653 ouelis
940 3608 996 3663 est,
1019 3601 1177 3670 glorificent.
1211 3599 1241 3650 si
1258 3601 1354 3681 itaque

279 3684 327 3721 vos
346 3670 393 3741 qui
411 3670 459 3721 lux
476 3680 582 3741 nostra,
600 3680 705 3733 nostra,
724 3674 850 3743 inquam,
867 3674 915 3742 qui
934 3668 1061 3738 discipuli
1078 3686 1169 3721 sumus
1185 3677 1214 3721 et
1229 3668 1355 3729 fallaciis,

279 3736 511 3793 sollicitudinibus
531 3760 562 3794 ac
574 3740 759 3811 voluptatibus
777 3739 858 3794 huius
872 3743 944 3793 vitae
959 3740 1093 3809 implicati
1107 3746 1240 3800 unemur,
1257 3737 1368 3804 merito·

280 3823 340 3861 esse
359 3808 474 3872 debetis,
493 3812 553 3862 dari
571 3819 600 3863 et
615 3810 797 3863 inexorabiles
810 3812 885 3864 eritis
899 3820 928 3863 et
939 3811 1011 3861 mala
1022 3810 1171 3878 irrogantes
1184 3808 1263 3859 venia
1279 3806 1353 3859 nutu

279 3880 499 3948 prosequemini,
519 3897 610 3932 nonne
629 3881 694 3933 ieris
711 3881 862 3933 immitibus
878 3880 1038 3933 immitiores
1051 3896 1083 3930 ac
1097 3879 1231 3930 saeviores
1245 3893 1295 3929 nos
1311 3875 1353 3925 la·

281 3944 362 3999 citis?
397 3946 488 4016 Quare
506 3950 733 4018 quemadmodum
751 3952 776 4003 si
792 3950 826 4003 ad
839 3951 960 4002 omnium
972 3950 1089 4001 fructum
1104 3947 1250 4017 probitatis
1263 3960 1352 3998 exem·

280 4018 367 4087 pluria
387 4016 501 4081 fieretis,
529 4020 608 4085 apio
627 4029 656 4072 et
670 4022 742 4073 iusto
760 4022 915 4073 certaminis
932 4020 1034 4071 arbitro
1054 4020 1160 4071 coronis
1179 4025 1208 4068 et
1224 4014 1352 4087 praemiis

281 4085 472 4157 dignaremini:
494 4086 533 4138 sic
546 4104 634 4152 nunc,
651 4092 716 4159 quis
733 4089 860 4143 omnibus
877 4088 994 4142 noosndi
1010 4088 1071 4141 aliis
1088 4087 1259 4140 occasionem
1271 4084 1355 4145 datis,

280 4173 337 4209 nou
352 4156 398 4207 vui
414 4154 506 4209 aribus
526 4158 622 4225 poenis
640 4158 896 4217 condemnabimini.
930 4157 1013 4229 Atqui
1026 4176 1074 4228 ego
1090 4158 1241 4226 exemplum
1256 4154 1355 4206 buma-

280 4227 376 4281 uitatis
393 4174 428 4279 ds
448 4224 547 4292 nobis,
565 4222 630 4279 huie
645 4228 718 4285 sitas
737 4230 840 4294 aldais,
857 4244 1006 4301 proponam
1021 4227 1116 4293 robis,
1132 4226 1209 4300 quod
1217 4224 1356 4289 nectutis·
