3025 4900
250 339 308 440 64
650 361 933 428 munscuzem

100 527 168 582 ML
182 516 324 595 starcoie
343 515 489 604 ἑταίρους
496 515 510 600 ,’
537 517 582 595 ἀς
600 513 678 592 ἴσως
693 512 800 602 ὥσπερ
815 517 883 584 τότε
896 515 937 582 cd
956 519 1013 602 τῆς
1029 519 1162 603 βουλῆς,
1193 511 1278 582 atro
1293 515 1334 603 δὴ

148 648 152 657 ·
213 621 303 684 Βκαί
318 620 377 684 νῦν
391 616 431 683 τά
450 619 507 700 τῆς
524 618 612 702 δίκης
632 611 650 680 ὅ
669 617 820 700 βασιλεύς
835 615 1058 704 ύπερθὴσεται.
1079 616 1116 680 τύ
1136 617 1166 680 δ”
1177 609 1233 682 ούκ
1249 609 1336 698 εἶχεν

251 712 361 794 οὕτως·
380 716 451 781 ἀλλ’
468 713 695 802 ἀναμφιβόλως
708 714 880 801 ἡτοίμαστο
894 714 933 780 τά
948 718 1005 800 τῆς
1020 718 1118 801 δίκης.
1143 711 1192 780 ἔτι
1205 712 1263 800 γὰρ
1279 716 1335 779 δο-

166 817 383 905 ν,35μεστίκῳ
407 816 451 904 τῷ
472 815 598 904 μεγάλην
621 809 844 898 διαλεγομένου
867 816 1022 898 βασιλέως
1051 818 1107 880 καί
1122 811 1178 880 τὸν
1198 807 1336 902 ἀριθμὸν

250 916 414 1000 ζητοῦντος
426 919 544 997 μαθεῖν
560 917 625 978 τῶν
641 916 843 999 συνηγμένων
871 909 1010 1000 ἀνδρῶν,
1040 913 1096 979 καὶ
1120 911 1229 980 τούτου
1256 911 1357 999 πρδςς

250 1012 350 1080 αύτύν
367 1016 639 1100 ἀποκριναμένου,
665 1008 710 1089 οἷς
735 1017 816 1096 ,,νύν
836 1017 897 1097 μέν
916 1017 995 1080 εἰσιν
1018 1008 1145 1095 ἓκατὸν,
1164 1013 1280 1098 μικρᾶς
1301 1012 1337 1074 δέ

249 1114 471 1200 παρελθούσης
488 1108 573 1198 ἀρας
583 1114 823 1180 συνελεύσονται
832 1115 994 1198 καὶμέχρι
1005 1116 1206 1200 τριακοσίων,
1223 1111 1339 1188 πάντες

251 1207 391 1300 ἀνδρεῖοι
408 1211 465 1278 καί
482 1211 646 1295 μάχεσθαι
665 1213 852 1298 ἠσκημένοι·
891 1217 921 1280 εί
945 1215 1050 1299 δεήσει
1070 1214 1107 1278 δὲ
1129 1207 1338 1297 ἀπέρχεσθαι,

251 1315 306 1378 καί
324 1305 413 1377 ἄλλοι
437 1311 576 1388 πλείονες
594 1316 851 1396 συνδραμοῦνται
870 1311 926 1378 καὶ
947 1309 1003 1388 ούς
1024 1307 1082 1376 ούκ
1106 1307 1237 1392 ἴσμεν·”
1265 1307 1341 1397 περί

166 1417 238 1480 Mt
250 1410 370 1477 τούτων
388 1410 427 1496 δη
443 1413 670 1495 διαλεγομένων
684 1413 739 1478 καί
751 1415 833 1477 θεοῦ
848 1415 1005 1495 δεομένων
1015 1409 1072 1498 τὴν
1086 1411 1143 1496 τῆς
1153 1411 1240 1495 δίκης
1248 1405 1381 1494 ούρανιο

249 1513 495 1598 παραταθῆναι,
518 1505 602 1576 ὥστε
623 1515 899 1596 συναθροισθῆναι
921 1509 993 1588 τούς
1018 1511 1240 1592 ἐλπιζομένους
1258 1509 1338 1594 ὑπὲρ

251 1605 357 1676 αύτῶν
371 1613 558 1692 μαχεῖσθαι,
575 1602 650 1696 ἧκεν
668 1613 703 1675 ἐκ
718 1614 875 1693 βασιλέως
888 1612 946 1676 τού
959 1609 1174 1696 πρεσβυτέρου
1190 1605 1270 1694 πρὸς
1286 1607 1341 1674 τὸν

251 1702 1172 1798 νέονάπεσταλμένοςὸΚαλλικρηνιθηςΜιχαῆλἐκτομίας·
1201 1705 1256 1772 καί
1265 1707 1341 1790 πρίν

251 1809 456 1894 φθέγξασθαι
477 1817 545 1886 τοῖς
568 1807 705 1897 δάκρυσι
730 1808 788 1874 καί
799 1817 865 1886 τοῖς
885 1815 1072 1893 στεναγμοῖς
1090 1809 1193 1872 κακοῖν
1213 1798 1342 1890 ἀγγελος

250 1902 337 1991 ἥκειν
351 1906 530 1991 σημαίνων,
548 1904 703 1995 πρότερον
716 1912 748 1974 δ’
761 1901 861 1998 ἑαυτῷ
879 1906 936 1994 τὴν
948 1911 1006 1994 γῆν
1022 1915 1134 1992 χανεῖν
1152 1909 1272 1988 μᾶλλον
1285 1903 1384 1978 καίι5

252 2011 308 2092 τῆς
321 2005 453 2093 ἡδίστης
465 2007 701 2104 ἀπεστερῆσθαι
724 2009 807 2092 ζωῆς
828 2007 1028 2094 ἀνεκτότερον
1040 2001 1131 2089 εἶναι,
1154 1999 1177 2090 ἢ
1192 2001 1342 2070 τοιούτων

252 2108 356 2170 κακῶν
383 2097 512 2189 ἅγγελος
537 2104 624 2193 ἥκειν
651 2106 768 2173 εἰπών·
803 2103 843 2190 „i
860 2106 990 2195 κύριος”
1011 2103 1073 2193 ἔφη
1092 2107 1170 2190 ,καί
1190 2100 1344 2189 βασιλεύς

254 2203 346 2283 dode
363 2201 501 2287 πάππος,
526 2199 555 2271 τύ
573 2210 715 2291 βασιλεῦ,
744 2206 800 2272 έπί
817 2205 907 2292 δίκην
926 2211 1044 2276 καλεῖ.”
1062 2208 1120 2271 τοῦ
1136 2207 1291 2288 βασιλέως
1313 2202 1345 2266 δ’

254 2304 309 2368 tut
324 2304 445 2380 τούτοις
464 2304 625 2388 εἰπόντος,
659 2306 702 2384 ὡς
724 2307 800 2391 ,τῆς
823 2309 884 2388 μέν
900 2307 944 2381 είς
967 2307 1024 2387 ε’μέ
1039 2327 1098 2371 σου
1117 2302 1239 2379 εύνοίας
1256 2301 1345 2380 ἀξιό-

252 2393 356 2491 χρεως
370 2401 409 2469 rei
430 2402 553 2492 δάκρυα
566 2404 700 2491 μάρτυς·
721 2405 798 2470 ἀνθ’
819 2399 895 2470 trae
913 2407 944 2471 δ’
964 2399 1047 2469 odem
1059 2407 1195 2491 θρηνεῖς,
1212 2403 1245 2468 έν
1263 2398 1388 2487 ddi-no

227 2509 300 2593 Βλιρ
316 2506 458 2589 κειμένης
472 2506 527 2589 τῆς
544 2505 650 2589 δίκηςς
667 2507 831 2588 ἐνδέχεται
847 2503 906 2591 γάρ
917 2530 958 2587 με
974 2509 1030 2571 καί
1041 2502 1100 2589 τὴν
1113 2506 1248 2568 νικῶσαν
1258 2502 1346 2586 ἔνεγ-

252 2599 388 2684 κάμενον
399 2602 581 2669 duston-W
601 2602 618 2667 si
638 2606 892 2691 Καλλικρηνίτης
905 2599 1010 2687 „aricii
1024 2601 1065 2669 τά
1078 2600 1250 2689 πράγματα
1263 2606 1346 2688 θρη-

253 2709 317 2765 νεῖν
329 2700 513 2767 πειθουσιν”
532 2696 618 2767 εἶπεν
633 2694 684 2784 „oi
695 2706 840 2785 βασιλεῦ·
869 2706 928 2768 τού
940 2702 1000 2791 γὰρ
1019 2704 1176 2785 βασιλέως
1189 2702 1245 2765 καί
1259 2699 1346 2765 πάπ-

253 2823 315 2864 που
334 2803 392 2866 τοῦ
412 2805 471 2866 σού
486 2799 541 2865 ini
554 2800 673 2887 θρόνου
693 2806 919 2887 καθεσθέντος,
944 2802 988 2880 ὦς
1009 2800 1103 2885 ἔθος,
1132 2799 1187 2866 καί
1207 2804 1266 2867 τού
1283 2825 1346 2865 πα-

255 2921 362 2982 ceteris,
376 2919 489 2973 fortusse
503 2920 639 2992 quomodo
651 2930 708 2975 tum
723 2922 961 2989 consultationem,
977 2924 1016 2975 sic
1026 2938 1099 2974 nunc
1111 2920 1245 2973 iudicium
1262 2935 1345 2971 evum

256 3006 315 3042 esse
332 2991 489 3042 dilaturum.
527 2990 581 3043 Sed
599 2992 681 3044 aliter
699 2992 769 3045 suit:
792 3010 855 3045 nam
875 2992 1010 3045 iudicium
1029 3000 1100 3045 certo
1119 2992 1219 3044 certius
1237 2990 1344 3042 cousti-

254 3068 345 3112 tutum
358 3078 389 3113 ac
400 3070 522 3130 paratum
538 3070 603 3121 erat,
621 3062 717 3115 Adhuc
734 3064 808 3114 enim
821 3080 854 3115 eo
870 3082 930 3115 cum
944 3080 1041 3134 magno
1052 3062 1201 3115 domestico
1218 3058 1353 3113 sermoci·'

255 3140 339 3184 nante
356 3149 556 3204 numerumque
574 3141 795 3203 congregatorum
816 3135 995 3203 exquirente,
1024 3134 1132 3203 illoque
1151 3128 1347 3217 respondente,

254 3218 329 3253 nune
344 3202 456 3272 quidem
466 3220 525 3255 esse
537 3212 657 3265 centum,
670 3204 747 3254 brevi
763 3202 797 3253 sd
808 3211 943 3255 trecentos
952 3203 1021 3265 fore,
1040 3202 1074 3253 ad
1086 3218 1170 3253 unum
1179 3218 1249 3256 viros
1260 3200 1349 3253 sortes

256 3279 285 3322 et
293 3270 328 3321 ud
338 3272 527 3339 proeliandum
538 3274 717 3338 exercitst0s3
735 3272 760 3324 si
773 3272 929 3325 abeundum
945 3274 989 3336 sit,
1008 3274 1088 3324 etium
1114 3273 1204 3340 plures
1224 3280 1251 3323 et
1267 3272 1348 3339 igno·

255 3349 299 3391 tos
310 3358 482 3396 accursuros:
501 3343 535 3396 de
550 3342 603 3405 his,
621 3343 650 3393 in
672 3360 743 3404 uam,
762 3344 818 3394 iilis
833 3360 982 3396 sermonem
1000 3342 1188 3403 miscentibus,
1207 3340 1348 3411 deumque

255 3413 442 3479 precantibus,
453 3412 586 3466 iudicium
595 3362 748 3483 smpdiaret,
766 3414 858 3485 quoud
869 3416 1007 3475 coiissent,
1020 3414 1067 3485 qui
1080 3430 1127 3483 pro
1138 3414 1205 3483 ipsis
1217 3410 1349 3465 decertu-

255 3482 310 3533 turi
320 3482 507 3550 sperabantur,
515 3486 647 3536 missuavi
657 3484 735 3537 adest
747 3484 889 3537 eunuchus
897 3483 1016 3541 Michael
1027 3484 1229 3537 Coliicrenites:
1249 3490 1278 3533 et
1286 3482 1349 3550 pri·

255 3568 371 3620 usquam
389 3568 484 3605 vocem
504 3554 586 3615 edat,
613 3554 732 3606 lacrimis
758 3556 961 3627 gemitibusque
980 3555 1128 3606 infaustum
1152 3570 1181 3606 se
1201 3562 1348 3623 apportare

255 3622 382 3673 nuntium
401 3624 530 3681 ostendit.
566 3624 674 3678 Deinde
693 3626 849 3696 praefatus,
883 3626 1010 3677 maluisse
1036 3642 1065 3677 se
1089 3624 1187 3676 tellure
1216 3624 1271 3675 ima
1292 3624 1348 3675 sibi

256 3690 418 3745 dehiscente
443 3694 477 3745 sd
496 3696 591 3747 Manes
616 3695 782 3749 descendere
810 3704 839 3749 et
862 3696 914 3749 hac
942 3694 1137 3749 iucundissima
1156 3695 1217 3745 lucc
1236 3694 1350 3762 privari,

257 3780 337 3833 quam
358 3763 426 3815 adeo
445 3764 515 3815 maia
533 3768 675 3820 nuntiare:
694 3768 838 3828 Dominus,
858 3768 966 3837 inquit,
987 3774 1015 3817 et
1034 3768 1181 3833 imperator
1199 3778 1263 3815 evus
1283 3774 1348 3816 tuus

255 3841 285 3885 tc
304 3834 339 3885 ad
356 3852 463 3886 causam
482 3835 625 3887 dicendam
644 3847 730 3889 vocat.
768 3838 839 3889 Tum
865 3839 928 3889 ille:
955 3836 1035 3889 Haud
1060 3832 1258 3905 aspernandum
1282 3843 1349 3886 tuae

256 3904 287 3954 in
305 3920 348 3955 me
367 3907 558 3975 propensionis
575 3910 775 3971 testimonium,
794 3926 860 3979 quas
879 3908 971 3959 fundis
991 3908 1130 3959 lacrimas:
1157 3914 1256 3967 tamen,
1278 3904 1349 3977 quid

256 3976 295 4025 ita
314 3974 372 4035 ties,
394 3993 455 4028 eum
473 3974 589 4028 necdum
608 3986 720 4031 eventus
740 3980 853 4048 pateat?
873 3980 946 4031 Fieri
966 3976 1100 4047 siquidem
1119 3983 1218 4045 potest,
1236 3982 1267 4025 ut
1286 3993 1350 4026 eum

256 4043 320 4104 albo
338 4046 442 4098 calculo
461 4046 606 4098 discedam·
639 4048 701 4117 Ipsa
719 4066 771 4111 res,
791 4050 906 4119 suscipit
924 4048 1122 4109 Callierenites,
1143 4062 1184 4098 me
1204 4046 1234 4097 in
1252 4044 1350 4097 fletum

257 4115 346 4165 sotvit
364 4116 473 4168 Etenim
490 4134 555 4168 avus
573 4134 623 4186 pro
642 4134 716 4171 more
735 4122 765 4171 in
783 4118 893 4181 throno,
912 4118 1062 4187 patriarcha
1080 4118 1114 4169 ad
1132 4118 1203 4169 latus
1223 4116 1252 4166 in
1269 4116 1355 4178 seila,

258 4185 354 4237 arbitri
373 4188 468 4239 (iextra
488 4188 598 4239 sinistra
616 4188 723 4251 sedeat,
742 4190 796 4243 tibi
813 4192 864 4243 soli
878 4189 1058 4243 scamillume
1074 4188 1194 4257 regione,
1214 4195 1242 4238 et
1256 4202 1349 4237 remo-

193 4315 199 4325 ,
259 4257 314 4307 tius
339 4258 468 4310 mandatu
495 4260 665 4329 imperatoris
690 4262 811 4328 positum
833 4268 882 4319 est.
919 4259 981 4330 Quo
1006 4259 1081 4323 uiso,
1110 4256 1347 4311 condemnationis
