3025 4900
467 413 748 482 rusroauuuu
775 410 816 478 u.
847 419 899 487 ιν.
1132 395 1212 497 λιι

145 569 251 653 βάνειν
274 570 309 634 δὲ
333 559 449 654 ἤρξατο
467 569 566 635 αύτύν
589 565 604 633 ὃ
630 567 780 650 βασιλεύς
807 565 863 634 καί
884 560 987 652 ύσπερ
1010 563 1371 655 &acerbiorem-¹⁵²9

148 663 280 755 ἒξᾷδου
305 669 419 732 πυλῶν.
474 665 529 732 καί
548 669 644 752 μέχρι
667 669 773 753 τρίτης
797 669 854 751 τῆς
878 663 1000 751 ἡμέρας
1021 662 1109 753 άρας
1136 671 1170 732 ολ
1190 694 1223 734 τε
1270 713 1274 719 ·

147 763 289 852 σφυγμοί
309 763 506 851 διεφαίνοντο
523 757 583 849 ἤδη
601 769 762 850 καθαρῶς,
785 765 919 849 ἐξίτηλοι
932 766 992 844 μὲν
1008 765 1064 831 καί
1076 767 1223 833 άτονούν-

151 885 216 944 τες,
243 861 307 928 ἴσοι
324 865 361 928 δὲ
385 859 468 946 ὅμως
488 865 543 929 καί
561 862 684 946 ὅμαλοί
726 865 782 927 καί
797 857 890 938 αύτὸς
906 863 993 951 ῥᾴων
1006 857 1047 948 ἦν
1060 868 1114 930 καί
1127 865 1225 932 πάνθ’

128 957 229 1042 56μαῦ
250 963 404 1028 διελέλυτο
430 959 470 1029 τά
496 964 593 1028 δεινά.
641 965 694 1027 καί
715 955 770 1026 ἀπ’
790 965 908 1046 ἐκείνης
934 963 990 1048 τῆς
1012 963 1133 1052 ἡμέρας
1148 967 1226 1030 ulau-

148 1059 298 1142 κτούμευος
324 1057 439 1126 iuuetis
464 1059 544 1126 κατά
565 1058 697 1146 μικρὸν,
731 1061 778 1137 εἰς
796 1061 987 1148 τελεωτάτην
1005 1062 1061 1127 καί
1078 1063 1226 1149 καθαράν
1277 1119 1280 1126 .

147 1151 248 1243 η’λθεν
270 1157 386 1240 ύγειαν.
426 1159 563 1243 τοσαύτη
587 1160 624 1224 δὲ
647 1157 733 1242 παρὰ
751 1161 848 1226 πᾶσιν
867 1154 907 1245 ἦν
929 1156 950 1246 ἦ
975 1161 1030 1245 τῆς
1054 1160 1255 1247 ἓνπληξεωςσ

147 1255 322 1345 ύιιερβολὴ,
343 1251 415 1322 ὅσι’
435 1257 474 1322 ού
494 1256 589 1340 μόνον
603 1255 770 1334 ἀκούοντες
787 1258 938 1343 ἧπίστουν
959 1269 1024 1336 τοῖς
1040 1264 1225 1343 λεγομένοις,

149 1356 282 1440 οἰόμενοι
304 1357 453 1420 τεθνάναι
473 1361 625 1438 βασιλέα,
646 1349 728 1422 oillei
752 1355 808 1423 καί
827 1357 942 1442 σχεδὸν
959 1353 1089 1444 δρῶντες
1113 1354 1151 1424 ου’
1168 1355 1227 1448 ῥη-

16 1531 21 1542 ,
111 1457 227 1533 ισδίως
244 1450 368 1534 ἑαυτοῖς
385 1455 543 1522 πιστεύειν
560 1450 656 1539 εἶχον.
691 1450 776 1531 ὅσοις
795 1460 903 1538 μέντοι
925 1456 1098 1538 Ῥωμαίων
1121 1450 1227 1523 εύνοια

149 1553 229 1642 πρὸς
252 1555 385 1637 βασιλέα
411 1552 538 1640 καθαρά
565 1547 751 1632 καίάδολος
772 1548 830 1639 ἢν,
867 1557 938 1620 ούδ’
958 1555 978 1640 ἧ
995 1556 1115 1641 χαλεπη
1139 1557 1269 1632 νύσοςν,
1283 1586 1335 1624 eoa

150 1655 252 1741 ἐκείνη
277 1655 332 1718 καί
357 1651 376 1737 ἦ
397 1652 484 1737 παρά
510 1651 603 1730 δόξαν
627 1651 715 1736 ύγεία
744 1652 877 1739 άκερδης
901 1655 1034 1735 διέμεινε
1059 1657 1228 1737 παντελῶς,

150 1757 222 1821 ἄλλ’
249 1755 366 1819 οίκείαν
388 1752 515 1826 ἕκαστος
539 1750 729 1834 λογιζόμενοι
755 1750 814 1836 τήν
833 1752 879 1827 είς
902 1756 1034 1834 βασιλέα
1055 1755 1229 1838 παραδοξο-

149 1855 272 1934 ποιίαν,
298 1848 400 1938 ἔργοις
417 1846 548 1933 ἀγαθοῖς
568 1850 735 1934 ἠμείβοντο
755 1850 807 1916 τὸν
831 1847 916 1916 θεόν·
965 1848 996 1917 oi
1014 1853 1073 1932 μὲν
1095 1848 1231 1937 cipioni-

113 1956 242 2036 ιὸμενοι
261 1945 308 2026 οἷς
328 1949 507 2032 συνείχοντο
526 1957 647 2032 κακοῖς,
679 1947 708 2014 ui
729 1950 766 2012 δ’
783 1947 1004 2035 ἕλεημοσύναις
1027 1949 1083 2014 καί
1105 1951 1230 2034 λύτροις

148 2047 360 2132 αἰχμαλώτων
381 2049 435 2111 καί
458 2048 620 2138 δγκρατείρ
638 2049 814 2134 βρωμάτων
835 2048 889 2114 tut
903 2045 1012 2132 καιρὸν
1033 2047 1092 2132 την
1110 2042 1228 2131 εύγνω-

149 2148 287 2232 μοσύνην
308 2145 535 2229 ἐνδεικνύμενοι
550 2145 606 2211 καί
623 2147 681 2231 τὴν
701 2147 917 2230 εύχαριστίαν.
958 2142 1043 2211 odeo
1065 2150 1123 2228 μὲν
1138 2143 1154 2210 ὅ
1168 2150 1261 2228 fles-D

150 2243 257 2320 σιλεύς
275 2245 320 2322 είς
343 2241 421 2308 αύτύ
442 2243 475 2310 τὸ
497 2243 709 2327 ἀκμαιότατον
731 2243 856 2330 ἔφθασε
878 2249 936 2312 τού
952 2243 1117 2328 κινδύνου,
1148 2239 1231 2310 ούτω

153 2347 187 2410 δ’
210 2337 305 2418 αὖθις
327 2343 511 2426 παραδόξως
535 2344 685 2426 διεσώθη.

116 2474 157 2517 20
239 2443 282 2529 ιη’.
318 2436 404 2507 Ἐπεί
420 2445 449 2505 δ’
466 2437 625 2527 ἐρ’ῥάϊσεν,
655 2445 772 2508 ἕκαστα
791 2445 865 2508 καθ’
885 2437 913 2525 ὃ,
923 2469 952 2509 τι
967 2451 1126 2531 πραχθείη
1147 2444 1232 2529 παρά

154 2548 212 2611 τού
231 2542 368 2627 μεγάλου
396 2542 615 2604 διεπυνθάνετο
636 2544 841 2624 δομεστίκου,
871 2542 925 2607 καί
951 2543 1051 2607 attat
1071 2545 1331 2627 ulmosque-mm

153 2666 211 2709 νου
232 2638 311 2707 κατὰ
343 2642 455 2724 μέρος,
484 2640 580 2701 πύσιν
600 2636 643 2713 oie
663 2644 832 2717 λυσιτελῶς
852 2640 907 2704 καί
925 2641 1140 2725 προσηκόντως
1169 2642 1233 2722 εἰρ-

158 2742 324 2825 γασμένοις
349 2734 557 2824 ἐπεψηφίζετο
577 2734 594 2801 δ
615 2738 774 2819 βασιλεύς.
815 2741 885 2803 ἐπεί
911 2742 947 2803 δὲ
975 2734 1161 2821 άπαγγειλαι
1191 2735 1236 2811 oie

159 2843 217 2905 καί
240 2835 432 2927 Συργιάννην
460 2840 516 2923 τῆς
541 2832 675 2925 ἑσπέρας
708 2838 876 2920 ἐκπέμψειε
904 2837 1095 2923 στρατηγὸν,
1132 2829 1236 2901 ούκύτι

158 3030 263 3085 redire:
281 3036 309 3083 et
326 3028 360 3083 ab
374 3029 440 3083 bora
459 3026 515 3082 diei
530 3032 610 3083 tertia
623 3032 716 3101 pulsus
735 3038 830 3083 tenues
850 3029 893 3082 illi
909 3026 1019 3101 quidem
1035 3032 1063 3080 et
1074 3023 1237 3094 languiduli,

157 3103 262 3175 pariter
275 3109 364 3153 tanen
381 3101 584 3171 aequaliterque
595 3108 623 3151 et
637 3100 782 3154 manifeste
789 3102 987 3161 sentiebantur,
1006 3100 1118 3171 ipseque
1129 3096 1239 3146 levaba-

158 3180 205 3224 tur
217 3181 253 3235 et,
273 3172 350 3223 malis
366 3171 490 3224 omnibus
504 3168 649 3240 dissipatis,
666 3171 700 3223 ab
713 3172 762 3223 illo
776 3169 822 3223 die
835 3173 919 3241 magis
928 3171 1010 3240 magis
1027 3184 1055 3221 se
1071 3166 1239 3224 confirmans.

158 3242 308 3313 perfectam
325 3244 496 3311 etintegram
514 3241 699 3294 valetudinem
713 3243 890 3311 recuperavit
928 3240 1014 3292 Tanta
1034 3254 1115 3307 porro
1130 3243 1187 3287 erut
1200 3235 1240 3284 rel

161 3312 378 3376 admirabilitas,
396 3320 427 3364 ut
445 3327 536 3363 omnes
552 3330 609 3365 non
624 3312 766 3365 audientes
778 3312 867 3364 solum
888 3310 969 3362 dietis
987 3307 1159 3369 diffiderent,
1178 3304 1242 3355 obi-

160 3384 215 3433 isse
235 3382 423 3452 imperatorem
452 3382 609 3434 credentes:
632 3381 680 3434 sed
709 3381 906 3452 propemodum
932 3380 1013 3431 etiam
1033 3377 1170 3429 intuentes
1186 3390 1242 3425 non

160 3452 244 3507 facile
279 3452 365 3503 oculis
383 3453 438 3504 suis
451 3452 532 3503 fidem
543 3452 743 3505 contraderent
780 3450 952 3521 Quicumque
970 3464 1049 3517 porro
1065 3449 1244 3498 Romanorum

162 3522 193 3573 in
212 3522 401 3589 imperatorem
420 3522 534 3573 candido
551 3529 626 3572 erant
640 3525 799 3590 sinceroque
821 3522 930 3582 animo,
953 3520 987 3570 iis
1003 3516 1111 3569 morbus
1125 3515 1171 3568 hie
1181 3530 1246 3566 sae·

162 3606 213 3643 vus
228 3592 420 3661 imperataque
438 3593 538 3641 sanitas
553 3607 609 3642 non
633 3607 831 3661 usquequaque
851 3590 1019 3642 infructuosa
1031 3586 1159 3649 luerunt,
1184 3600 1246 3636 cum

163 3677 235 3713 unus
256 3662 353 3732 uisque
368 3668 504 3728 tamquam
524 3675 572 3710 suo
593 3662 698 3728 corpori
716 3662 876 3729 praestitum
894 3658 947 3711 boe
960 3658 1115 3709 miraculum
1134 3656 1246 3716 ducens,

163 3730 212 3801 pla
234 3678 307 3781 liade
322 3730 380 3781 Deo
396 3726 570 3797 rependeret3
589 3736 618 3779 et
641 3728 688 3780 ulii
710 3729 821 3801 quidem
834 3731 915 3793 vitia,
930 3728 1029 3799 quibua
1047 3726 1186 3779 constricti
1204 3732 1248 3775 te-

164 3798 316 3861 nebantur,
335 3798 503 3861 desererent3
520 3797 568 3848 ulii
586 3798 727 3867 egentibus
745 3798 883 3870 largiendo
917 3806 946 3851 et
969 3798 1039 3865 lytra
1065 3797 1178 3864 captivis
1204 3808 1248 3846 re-

166 3867 304 3920 dimendis
314 3868 489 3939 ciborumque
499 3866 533 3918 ad
543 3876 648 3936 tempus
661 3864 828 3921 abstinentia
841 3868 1006 3988 spuitionem
1022 3868 1126 3938 accepti
1142 3864 1249 3917 benefi-

167 3940 205 3991 cii
218 3946 375 4007 gratumque
395 3940 512 3990 animum
531 3936 752 3995 demonstrarent.
769 3940 838 4008 Ergo
870 3946 1004 4007 superator
1017 3939 1056 3989 ita
1071 3939 1101 3988 in
1115 3950 1250 3988 summum

168 4008 322 4080 periculum
339 4007 464 4076 delapsus
480 4010 557 4059 etita
571 4026 674 4061 rursum
686 4016 795 4078 praeter
807 4009 965 4077 opinionem
977 4008 1084 4075 elapsus
1102 4014 1149 4059 est.

243 4078 281 4131 18.
318 4078 369 4130 Ubi
383 4094 417 4129 ex
434 4086 488 4129 tam
509 4078 615 4147 perdita
637 4078 794 4131 valetudine
812 4078 936 4139 emersit,
968 4094 1022 4148 quo
1041 4084 1119 4146 pacto
1138 4071 1248 4125 interim

171 4154 245 4267 qesta
262 4148 299 4201 sit
315 4146 481 4217 respublica,
500 4164 533 4200 er
546 4164 640 4219 magno
655 4146 803 4201 domestico
819 4148 978 4217 singillatim
1001 4148 1160 4199 sciscitatur.
1195 4142 1247 4192 lilo

172 4218 300 4270 ‹istincte
315 4224 440 4270 narrante
451 4219 550 4281 omnia,
569 4222 714 4288 imperator
734 4229 806 4271 recte
825 4226 852 4270 et
869 4218 965 4271 ordine
983 4225 1055 4285 qesta
1074 4212 1247 4266 confirmavit.

172 4286 227 4341 Sed
247 4306 307 4343 cum
325 4290 436 4345 referret
463 4288 497 4340 de
516 4288 680 4357 sugimus,
707 4306 788 4360 quem
811 4290 896 4358 copiis
917 4284 1131 4341 occidentalibus
1156 4282 1252 4336 ducem
