<?xml version="1.0" encoding="UTF-8"?>
<!DOCTYPE html PUBLIC "-//W3C//DTD XHTML 1.0 Transitional//EN"
    "http://www.w3.org/TR/xhtml1/DTD/xhtml1-transitional.dtd">
<html xmlns="http://www.w3.org/1999/xhtml" xml:lang="en" lang="en">
 <head>
  <title>
</title>
<meta http-equiv="Content-Type" content="text/html;charset=utf-8" />
  <meta name='ocr-system' content='tesseract 3.04.00' />
  <meta name='ocr-capabilities' content='ocr_page ocr_carea ocr_par ocr_line ocrx_word'/>
</head>
<body>
  <div class='ocr_page' id='page_1' title='image "./corpusscriptoru32theogoog/corpusscriptoru32theogoog_0070.png"; bbox 0 0 3025 4900; ppageno 0'>
   <div class='ocr_carea' id='block_1_1' title="bbox 309 349 966 434">
    <p class='ocr_par' dir='ltr' id='par_1_1' title="bbox 309 349 966 434">
     <span class='ocr_line' id='line_1_1' title="bbox 309 349 966 434; baseline -0.012 0"><span class='ocrx_word' id='word_1_1' title='bbox 309 349 364 434; x_wconf 77' lang='grc' dir='ltr'><strong>ιδ</strong></span> <span class='ocrx_word' id='word_1_2' title='bbox 687 365 966 434; x_wconf 66' lang='lat' dir='ltr'><strong>usurientem</strong></span> 
     </span>
    </p>
   </div>
   <div class='ocr_carea' id='block_1_2' title="bbox 163 509 1442 1795">
    <p class='ocr_par' dir='ltr' id='par_1_2' title="bbox 163 509 1397 706">
     <span class='ocr_line' id='line_1_2' title="bbox 163 509 1397 612; baseline -0.015 -12"><span class='ocrx_word' id='word_1_3' title='bbox 163 545 230 602; x_wconf 72' lang='lat' dir='ltr'><strong>be.</strong></span> <span class='ocrx_word' id='word_1_4' title='bbox 241 547 307 602; x_wconf 67' lang='lat' dir='ltr'><strong>rino</strong></span> <span class='ocrx_word' id='word_1_5' title='bbox 317 525 435 612; x_wconf 81' lang='grc' dir='ltr'><strong><em>ἔσχατα</em></strong></span> <span class='ocrx_word' id='word_1_6' title='bbox 461 523 674 608; x_wconf 76' lang='grc' dir='ltr'><strong><em>άπομένοντας</em></strong></span> <span class='ocrx_word' id='word_1_7' title='bbox 701 521 759 587; x_wconf 87' lang='grc' dir='ltr'><strong><em>τὸν</em></strong></span> <span class='ocrx_word' id='word_1_8' title='bbox 786 510 941 606; x_wconf 75' lang='grc' dir='ltr'><strong><em>προῦπτον</em></strong></span> <span class='ocrx_word' id='word_1_9' title='bbox 961 517 1104 584; x_wconf 75' lang='grc' dir='ltr'><strong><em>αι’νάυνον</em></strong></span> <span class='ocrx_word' id='word_1_10' title='bbox 1124 509 1397 604; x_wconf 79' lang='grc' dir='ltr'><strong><em>άποδιιίράσιιειν.”</em></strong></span> 
     </span>
     <span class='ocr_line' id='line_1_3' title="bbox 307 619 1348 706; baseline -0.013 -17"><span class='ocrx_word' id='word_1_11' title='bbox 307 629 362 694; x_wconf 84' lang='grc' dir='ltr'><strong><em>καί</em></strong></span> <span class='ocrx_word' id='word_1_12' title='bbox 378 629 478 704; x_wconf 76' lang='grc' dir='ltr'><strong><em>ταῦτα</em></strong></span> <span class='ocrx_word' id='word_1_13' title='bbox 496 627 558 706; x_wconf 79' lang='grc' dir='ltr'><strong>μὲν</strong></span> <span class='ocrx_word' id='word_1_14' title='bbox 575 620 725 706; x_wconf 75' lang='grc' dir='ltr'><strong><em>βασιλεύς</em></strong></span> <span class='ocrx_word' id='word_1_15' title='bbox 744 619 765 684; x_wconf 85' lang='grc' dir='ltr'><strong><em>ά</em></strong></span> <span class='ocrx_word' id='word_1_16' title='bbox 786 622 862 695; x_wconf 79' lang='grc' dir='ltr'><strong><em>νέος.</em></strong></span> <span class='ocrx_word' id='word_1_17' title='bbox 906 656 910 664; x_wconf 89' lang='grc'><strong>-</strong></span> <span class='ocrx_word' id='word_1_18' title='bbox 1345 651 1348 656; x_wconf 97' lang='grc'>-</span> 
     </span>
    </p>

    <p class='ocr_par' dir='ltr' id='par_1_3' title="bbox 226 710 1417 1403">
     <span class='ocr_line' id='line_1_4' title="bbox 226 710 1399 806; baseline -0.008 -18"><span class='ocrx_word' id='word_1_19' title='bbox 226 733 258 792; x_wconf 85' lang='grc' dir='ltr'><strong>Ρ.</strong></span> <span class='ocrx_word' id='word_1_20' title='bbox 267 732 302 796; x_wconf 82' lang='grc'><strong>19</strong></span> <span class='ocrx_word' id='word_1_21' title='bbox 389 730 415 796; x_wconf 80' lang='grc' dir='ltr'><strong>ἐ.</strong></span> <span class='ocrx_word' id='word_1_22' title='bbox 433 724 470 790; x_wconf 91' lang='grc' dir='ltr'>Ὁ</span> <span class='ocrx_word' id='word_1_23' title='bbox 490 723 524 788; x_wconf 80' lang='lat' dir='ltr'><strong>de&#39;</strong></span> <span class='ocrx_word' id='word_1_24' title='bbox 534 745 569 806; x_wconf 88' lang='grc' dir='ltr'><strong>γε</strong></span> <span class='ocrx_word' id='word_1_25' title='bbox 582 717 792 806; x_wconf 73' lang='grc' dir='ltr'><strong><em>πρεσβύτερος</em></strong></span> <span class='ocrx_word' id='word_1_26' title='bbox 809 718 852 805; x_wconf 76' lang='grc' dir='ltr'><strong><em>τῷ</em></strong></span> <span class='ocrx_word' id='word_1_27' title='bbox 863 714 1005 804; x_wconf 83' lang='grc' dir='ltr'><strong><em>πράςτόν</em></strong></span> <span class='ocrx_word' id='word_1_28' title='bbox 1014 712 1140 800; x_wconf 78' lang='grc' dir='ltr'><strong>ἔγγονον</strong></span> <span class='ocrx_word' id='word_1_29' title='bbox 1150 711 1239 798; x_wconf 84' lang='grc' dir='ltr'><strong><em>μίσει</em></strong></span> <span class='ocrx_word' id='word_1_30' title='bbox 1250 710 1307 799; x_wconf 77' lang='grc' dir='ltr'><strong><em>τήν</em></strong></span> <span class='ocrx_word' id='word_1_31' title='bbox 1318 740 1399 801; x_wconf 82' lang='grc' dir='ltr'><strong><em>καρ-</em></strong></span> 
     </span>
     <span class='ocr_line' id='line_1_5' title="bbox 308 814 1400 908; baseline -0.015 -15"><span class='ocrx_word' id='word_1_32' title='bbox 308 829 382 894; x_wconf 83' lang='grc' dir='ltr'><strong><em>δίαν</em></strong></span> <span class='ocrx_word' id='word_1_33' title='bbox 401 827 520 908; x_wconf 77' lang='grc' dir='ltr'><strong><em>μᾶλλον</em></strong></span> <span class='ocrx_word' id='word_1_34' title='bbox 539 821 703 901; x_wconf 82' lang='grc' dir='ltr'><strong><em>οἰδαίνιον,</em></strong></span> <span class='ocrx_word' id='word_1_35' title='bbox 725 817 868 902; x_wconf 74' lang='grc' dir='ltr'><strong>ἀγγέλλει</strong></span> <span class='ocrx_word' id='word_1_36' title='bbox 896 814 950 880; x_wconf 82' lang='grc' dir='ltr'><strong>διά</strong></span> <span class='ocrx_word' id='word_1_37' title='bbox 971 838 1056 892; x_wconf 86' lang='grc' dir='ltr'><strong><em>τινος</em></strong></span> <span class='ocrx_word' id='word_1_38' title='bbox 1076 815 1162 902; x_wconf 73' lang='grc' dir='ltr'><strong><em>αὐτῷ</em></strong></span> <span class='ocrx_word' id='word_1_39' title='bbox 1181 816 1245 880; x_wconf 80' lang='grc' dir='ltr'><strong>τῶν</strong></span> <span class='ocrx_word' id='word_1_40' title='bbox 1263 820 1400 900; x_wconf 78' lang='grc' dir='ltr'><strong>συγκλη-</strong></span> 
     </span>
     <span class='ocr_line' id='line_1_6' title="bbox 307 910 1417 1004; baseline -0.009 -14"><span class='ocrx_word' id='word_1_41' title='bbox 307 925 414 990; x_wconf 77' lang='grc' dir='ltr'><strong><em>τικῶν·</em></strong></span> <span class='ocrx_word' id='word_1_42' title='bbox 433 916 550 1004; x_wconf 68' lang='grc' dir='ltr'><strong><em>,οἶσθα</em></strong></span> <span class='ocrx_word' id='word_1_43' title='bbox 572 914 633 1004; x_wconf 82' lang='grc' dir='ltr'><strong>πρὸ</strong></span> <span class='ocrx_word' id='word_1_44' title='bbox 653 917 767 1003; x_wconf 79' lang='grc' dir='ltr'><strong><em>ιιαιροῖι</em></strong></span> <span class='ocrx_word' id='word_1_45' title='bbox 787 939 869 994; x_wconf 86' lang='grc' dir='ltr'><strong><em>τινος</em></strong></span> <span class='ocrx_word' id='word_1_46' title='bbox 889 911 1099 1000; x_wconf 80' lang='grc' dir='ltr'><strong><em>αἰτησάμενός</em></strong></span> <span class='ocrx_word' id='word_1_47' title='bbox 1116 936 1159 996; x_wconf 87' lang='grc' dir='ltr'><strong>με</strong></span> <span class='ocrx_word' id='word_1_48' title='bbox 1178 910 1212 979; x_wconf 82' lang='grc' dir='ltr'><strong><em>τά</em></strong></span> <span class='ocrx_word' id='word_1_49' title='bbox 1231 911 1417 996; x_wconf 73' lang='grc' dir='ltr'><strong><em>βασιλικάνό</em></strong></span> 
     </span>
     <span class='ocr_line' id='line_1_7' title="bbox 308 1009 1398 1102; baseline -0.014 -13"><span class='ocrx_word' id='word_1_50' title='bbox 308 1018 489 1089; x_wconf 81' lang='grc' dir='ltr'><strong><em>άιτοθέσθαι</em></strong></span> <span class='ocrx_word' id='word_1_51' title='bbox 509 1019 618 1102; x_wconf 81' lang='grc' dir='ltr'><strong><em>σχῆμα</em></strong></span> <span class='ocrx_word' id='word_1_52' title='bbox 640 1013 696 1081; x_wconf 72' lang='grc' dir='ltr'><strong><em>κατ’</em></strong></span> <span class='ocrx_word' id='word_1_53' title='bbox 715 1017 760 1090; x_wconf 88' lang='grc' dir='ltr'><strong>εἰς</strong></span> <span class='ocrx_word' id='word_1_54' title='bbox 783 1012 911 1079; x_wconf 77' lang='grc' dir='ltr'><strong><em>ἰδιώτου</em></strong></span> <span class='ocrx_word' id='word_1_55' title='bbox 932 1011 1022 1092; x_wconf 81' lang='grc' dir='ltr'><strong><em>τάξιν</em></strong></span> <span class='ocrx_word' id='word_1_56' title='bbox 1040 1017 1149 1077; x_wconf 77' lang='grc' dir='ltr'><strong><em>τελεῖν.</em></strong></span> <span class='ocrx_word' id='word_1_57' title='bbox 1190 1011 1252 1096; x_wconf 74' lang='grc' dir='ltr'><strong>ἐγώ</strong></span> <span class='ocrx_word' id='word_1_58' title='bbox 1275 1014 1310 1077; x_wconf 73' lang='grc' dir='ltr'><strong>δὲ</strong></span> <span class='ocrx_word' id='word_1_59' title='bbox 1325 1009 1398 1076; x_wconf 87' lang='grc' dir='ltr'><strong><em>τότε</em></strong></span> 
     </span>
     <span class='ocr_line' id='line_1_8' title="bbox 308 1107 1400 1205; baseline -0.014 -16"><span class='ocrx_word' id='word_1_60' title='bbox 308 1125 368 1205; x_wconf 79' lang='grc' dir='ltr'><strong>μὲν</strong></span> <span class='ocrx_word' id='word_1_61' title='bbox 388 1116 603 1204; x_wconf 66' lang='grc' dir='ltr'><em>ἀπεκρινάμην</em></span> <span class='ocrx_word' id='word_1_62' title='bbox 624 1111 684 1180; x_wconf 81' lang='grc' dir='ltr'><strong><em>ὅσα</em></strong></span> <span class='ocrx_word' id='word_1_63' title='bbox 694 1116 842 1199; x_wconf 75' lang='grc' dir='ltr'><strong><em>προσήιε,</em></strong></span> <span class='ocrx_word' id='word_1_64' title='bbox 864 1114 921 1178; x_wconf 79' lang='grc' dir='ltr'><strong>νῦν</strong></span> <span class='ocrx_word' id='word_1_65' title='bbox 931 1114 964 1176; x_wconf 91' lang='lat' dir='ltr'><strong>‹i&#39;</strong></span> <span class='ocrx_word' id='word_1_66' title='bbox 974 1107 1114 1191; x_wconf 75' lang='grc' dir='ltr'><strong><em>ἐξετάσει</em></strong></span> <span class='ocrx_word' id='word_1_67' title='bbox 1126 1109 1161 1177; x_wconf 87' lang='grc' dir='ltr'><strong><em>τά</em></strong></span> <span class='ocrx_word' id='word_1_68' title='bbox 1172 1112 1303 1197; x_wconf 81' lang='grc' dir='ltr'><strong><em>πρᾶγμα</em></strong></span> <span class='ocrx_word' id='word_1_69' title='bbox 1324 1107 1400 1187; x_wconf 80' lang='grc' dir='ltr'><strong><em>δυάς</em></strong></span> 
     </span>
     <span class='ocr_line' id='line_1_9' title="bbox 308 1207 1398 1301; baseline -0.011 -17"><span class='ocrx_word' id='word_1_70' title='bbox 308 1221 364 1285; x_wconf 82' lang='grc' dir='ltr'><strong><em>καί</em></strong></span> <span class='ocrx_word' id='word_1_71' title='bbox 382 1222 483 1293; x_wconf 78' lang='grc' dir='ltr'><strong><em>καλῶς</em></strong></span> <span class='ocrx_word' id='word_1_72' title='bbox 504 1214 588 1301; x_wconf 75' lang='grc' dir='ltr'><strong><em>ἔχειν</em></strong></span> <span class='ocrx_word' id='word_1_73' title='bbox 609 1211 802 1300; x_wconf 78' lang='grc' dir='ltr'><em>ἡγησάμενος</em></span> <span class='ocrx_word' id='word_1_74' title='bbox 821 1207 899 1299; x_wconf 77' lang='grc' dir='ltr'><strong><em>ὅπερ</em></strong></span> <span class='ocrx_word' id='word_1_75' title='bbox 923 1213 1040 1292; x_wconf 83' lang='grc' dir='ltr'><strong><em>αἰτεῖς,</em></strong></span> <span class='ocrx_word' id='word_1_76' title='bbox 1061 1207 1118 1277; x_wconf 81' lang='grc' dir='ltr'><strong><em>καί</em></strong></span> <span class='ocrx_word' id='word_1_77' title='bbox 1134 1209 1291 1294; x_wconf 74' lang='grc' dir='ltr'><strong><em>βούλομαι</em></strong></span> <span class='ocrx_word' id='word_1_78' title='bbox 1305 1211 1398 1274; x_wconf 77' lang='grc' dir='ltr'><strong><em>τοῦτο</em></strong></span> 
     </span>
     <span class='ocr_line' id='line_1_10' title="bbox 308 1305 1399 1403; baseline -0.01 -19"><span class='ocrx_word' id='word_1_79' title='bbox 308 1318 363 1384; x_wconf 85' lang='grc' dir='ltr'><strong><em>καί</em></strong></span> <span class='ocrx_word' id='word_1_80' title='bbox 381 1321 434 1384; x_wconf 77' lang='grc' dir='ltr'><strong><em>σοι’</em></strong></span> <span class='ocrx_word' id='word_1_81' title='bbox 452 1319 547 1403; x_wconf 77' lang='grc' dir='ltr'><strong><em>δῆλον</em></strong></span> <span class='ocrx_word' id='word_1_82' title='bbox 567 1317 658 1380; x_wconf 80' lang='grc' dir='ltr'><strong><em>ποαό.</em></strong></span> <span class='ocrx_word' id='word_1_83' title='bbox 688 1311 705 1376; x_wconf 85' lang='grc' dir='ltr'><em>ά</em></span> <span class='ocrx_word' id='word_1_84' title='bbox 735 1311 844 1393; x_wconf 77' lang='grc' dir='ltr'><strong><em>μέντοι</em></strong></span> <span class='ocrx_word' id='word_1_85' title='bbox 863 1309 923 1395; x_wconf 84' lang='grc' dir='ltr'><strong><em>τήν</em></strong></span> <span class='ocrx_word' id='word_1_86' title='bbox 940 1313 1105 1395; x_wconf 76' lang='grc' dir='ltr'><strong><em>βασιλείαν</em></strong></span> <span class='ocrx_word' id='word_1_87' title='bbox 1124 1305 1343 1390; x_wconf 78' lang='grc' dir='ltr'><strong><em>διαδεξάμενος</em></strong></span> <span class='ocrx_word' id='word_1_88' title='bbox 1363 1309 1399 1373; x_wconf 77' lang='grc' dir='ltr'><strong>ἕν</strong></span> 
     </span>
    </p>

    <p class='ocr_par' dir='ltr' id='par_1_4' title="bbox 276 1403 1442 1795">
     <span class='ocr_line' id='line_1_11' title="bbox 307 1403 1442 1506; baseline -0.012 -22"><span class='ocrx_word' id='word_1_89' title='bbox 307 1420 345 1506; x_wconf 75' lang='grc' dir='ltr'><strong><em>τῇ</em></strong></span> <span class='ocrx_word' id='word_1_90' title='bbox 365 1417 473 1504; x_wconf 72' lang='grc' dir='ltr'><strong><em>πρώτῃ</em></strong></span> <span class='ocrx_word' id='word_1_91' title='bbox 495 1438 531 1482; x_wconf 89' lang='grc' dir='ltr'><strong>σε</strong></span> <span class='ocrx_word' id='word_1_92' title='bbox 545 1413 621 1501; x_wconf 77' lang='grc' dir='ltr'><strong><em>τιμῇ</em></strong></span> <span class='ocrx_word' id='word_1_93' title='bbox 639 1409 696 1478; x_wconf 83' lang='grc' dir='ltr'><strong><em>καί</em></strong></span> <span class='ocrx_word' id='word_1_94' title='bbox 712 1404 817 1497; x_wconf 80' lang='grc' dir='ltr'><em>άγάπῃ</em></span> <span class='ocrx_word' id='word_1_95' title='bbox 832 1407 970 1495; x_wconf 75' lang='grc' dir='ltr'><strong>τηρήσει.</strong></span> <span class='ocrx_word' id='word_1_96' title='bbox 993 1407 1051 1475; x_wconf 83' lang='grc' dir='ltr'><strong><em>καί</em></strong></span> <span class='ocrx_word' id='word_1_97' title='bbox 1066 1403 1127 1494; x_wconf 78' lang='grc' dir='ltr'><strong>οιίχ</strong></span> <span class='ocrx_word' id='word_1_98' title='bbox 1141 1405 1442 1492; x_wconf 73' lang='grc' dir='ltr'><strong><em>άααναστήσεταιω</em></strong></span> 
     </span>
     <span class='ocr_line' id='line_1_12' title="bbox 308 1502 1399 1600; baseline -0.009 -18"><span class='ocrx_word' id='word_1_99' title='bbox 308 1519 386 1600; x_wconf 82' lang='grc' dir='ltr'><strong><em>μὲν,</em></strong></span> <span class='ocrx_word' id='word_1_100' title='bbox 407 1518 465 1581; x_wconf 79' lang='lat' dir='ltr'><strong>ouri</strong></span> <span class='ocrx_word' id='word_1_101' title='bbox 486 1509 766 1600; x_wconf 88' lang='grc' dir='ltr'><strong><em>προσιόντος,τοῦ</em></strong></span> <span class='ocrx_word' id='word_1_102' title='bbox 792 1505 920 1595; x_wconf 88' lang='grc' dir='ltr'><strong><em>θρόνου·</em></strong></span> <span class='ocrx_word' id='word_1_103' title='bbox 941 1502 1097 1595; x_wconf 70' lang='grc' dir='ltr'><strong>οὐδὲγάρ</strong></span> <span class='ocrx_word' id='word_1_104' title='bbox 1119 1505 1195 1584; x_wconf 75' lang='grc' dir='ltr'><strong><em>ἔθος</em></strong></span> <span class='ocrx_word' id='word_1_105' title='bbox 1214 1510 1399 1592; x_wconf 78' lang='grc' dir='ltr'><strong><em>βασιλεῦσιν</em></strong></span> 
     </span>
     <span class='ocr_line' id='line_1_13' title="bbox 276 1602 1399 1694; baseline -0.009 -14"><span class='ocrx_word' id='word_1_106' title='bbox 276 1615 533 1692; x_wconf 74' lang='grc' dir='ltr'><strong><em>Βέξανιστασθαι</em></strong></span> <span class='ocrx_word' id='word_1_107' title='bbox 557 1607 710 1686; x_wconf 81' lang='grc' dir='ltr'><strong><em>ἰάιάταις·</em></strong></span> <span class='ocrx_word' id='word_1_108' title='bbox 730 1604 877 1694; x_wconf 67' lang='grc' dir='ltr'><strong><em>εὑρήσεις</em></strong></span> <span class='ocrx_word' id='word_1_109' title='bbox 894 1607 1003 1689; x_wconf 77' lang='grc' dir='ltr'><strong><em>μέντοι</em></strong></span> <span class='ocrx_word' id='word_1_110' title='bbox 1021 1606 1161 1693; x_wconf 80' lang='grc' dir='ltr'><strong><em>πρασιάν</em></strong></span> <span class='ocrx_word' id='word_1_111' title='bbox 1189 1602 1290 1693; x_wconf 81' lang='grc' dir='ltr'><strong><em>άρθόν</em></strong></span> <span class='ocrx_word' id='word_1_112' title='bbox 1309 1605 1399 1690; x_wconf 71' lang='grc' dir='ltr'><strong><em>ἔστη·</em></strong></span> 
     </span>
     <span class='ocr_line' id='line_1_14' title="bbox 310 1701 1400 1795; baseline -0.007 -18"><span class='ocrx_word' id='word_1_113' title='bbox 310 1710 398 1794; x_wconf 88' lang='grc' dir='ltr'><strong><em>κάτα,</em></strong></span> <span class='ocrx_word' id='word_1_114' title='bbox 417 1709 461 1787; x_wconf 75' lang='grc' dir='ltr'><strong>ὥς</strong></span> <span class='ocrx_word' id='word_1_115' title='bbox 482 1704 523 1776; x_wconf 85' lang='grc' dir='ltr'><strong>άν</strong></span> <span class='ocrx_word' id='word_1_116' title='bbox 534 1709 589 1775; x_wconf 83' lang='grc' dir='ltr'><strong><em>καί</em></strong></span> <span class='ocrx_word' id='word_1_117' title='bbox 607 1706 659 1775; x_wconf 72' lang='grc' dir='ltr'><strong><em>σοι’</em></strong></span> <span class='ocrx_word' id='word_1_118' title='bbox 680 1706 716 1774; x_wconf 82' lang='grc' dir='ltr'><strong><em>τὸ</em></strong></span> <span class='ocrx_word' id='word_1_119' title='bbox 733 1708 790 1792; x_wconf 84' lang='grc' dir='ltr'><strong><em>τής</em></strong></span> <span class='ocrx_word' id='word_1_120' title='bbox 808 1708 900 1792; x_wconf 80' lang='grc' dir='ltr'><strong><em>τιμῆς</em></strong></span> <span class='ocrx_word' id='word_1_121' title='bbox 914 1704 1045 1795; x_wconf 80' lang='grc' dir='ltr'><strong><em>κάκείνρι</em></strong></span> <span class='ocrx_word' id='word_1_122' title='bbox 1056 1701 1092 1771; x_wconf 82' lang='grc' dir='ltr'><strong><em>τὸ</em></strong></span> <span class='ocrx_word' id='word_1_123' title='bbox 1103 1710 1158 1792; x_wconf 81' lang='grc' dir='ltr'><strong><em>τῆς</em></strong></span> <span class='ocrx_word' id='word_1_124' title='bbox 1175 1705 1400 1789; x_wconf 56' lang='grc' dir='ltr'><strong><em>βασιλείαςδιὲ</em></strong></span> 
     </span>
    </p>
   </div>
   <div class='ocr_carea' id='block_1_3' title="bbox 226 1802 1439 2399">
    <p class='ocr_par' dir='ltr' id='par_1_5' title="bbox 226 1802 1439 2399">
     <span class='ocr_line' id='line_1_15' title="bbox 309 1802 1399 1894; baseline -0.007 -18"><span class='ocrx_word' id='word_1_125' title='bbox 309 1835 396 1876; x_wconf 88' lang='grc' dir='ltr'><strong><em>ιιαιον</em></strong></span> <span class='ocrx_word' id='word_1_126' title='bbox 413 1807 624 1894; x_wconf 84' lang='grc' dir='ltr'><strong><em>περισάζοιτο.</em></strong></span> <span class='ocrx_word' id='word_1_127' title='bbox 646 1807 740 1872; x_wconf 75' lang='grc' dir='ltr'><strong><em>ταῦτ’</em></strong></span> <span class='ocrx_word' id='word_1_128' title='bbox 766 1803 855 1886; x_wconf 77' lang='grc' dir='ltr'><strong><em>ἔδοξε</em></strong></span> <span class='ocrx_word' id='word_1_129' title='bbox 875 1807 931 1870; x_wconf 81' lang='grc' dir='ltr'><strong><em>καὶ</em></strong></span> <span class='ocrx_word' id='word_1_130' title='bbox 956 1802 1010 1870; x_wconf 82' lang='grc' dir='ltr'><strong>ἔσο</strong></span> <span class='ocrx_word' id='word_1_131' title='bbox 1031 1808 1135 1870; x_wconf 81' lang='grc' dir='ltr'><strong>ταῦτα</strong></span> <span class='ocrx_word' id='word_1_132' title='bbox 1154 1807 1277 1881; x_wconf 82' lang='grc' dir='ltr'><strong><em>εἰάάς.”</em></strong></span> <span class='ocrx_word' id='word_1_133' title='bbox 1318 1804 1399 1892; x_wconf 78' lang='grc' dir='ltr'><strong><em>πρὸς</em></strong></span> 
     </span>
     <span class='ocr_line' id='line_1_16' title="bbox 226 1899 1439 1994; baseline -0.007 -18"><span class='ocrx_word' id='word_1_134' title='bbox 226 1933 258 1990; x_wconf 75' lang='lat' dir='ltr'><strong>v,</strong></span> <span class='ocrx_word' id='word_1_135' title='bbox 272 1911 398 1992; x_wconf 75' lang='grc' dir='ltr'><strong><em>,ςτοάτ’</em></strong></span> <span class='ocrx_word' id='word_1_136' title='bbox 420 1909 606 1994; x_wconf 72' lang='grc' dir='ltr'><strong><em>ἀποκριναπο</em></strong></span> <span class='ocrx_word' id='word_1_137' title='bbox 619 1903 708 1988; x_wconf 79' lang='grc' dir='ltr'><strong><em>μὲνά</em></strong></span> <span class='ocrx_word' id='word_1_138' title='bbox 730 1899 1047 1990; x_wconf 74' lang='grc' dir='ltr'><strong><em>νέοςἈνὸράνικοςά</em></strong></span> <span class='ocrx_word' id='word_1_139' title='bbox 1065 1901 1147 1985; x_wconf 86' lang='grc' dir='ltr'><strong><em>μετά</em></strong></span> <span class='ocrx_word' id='word_1_140' title='bbox 1165 1899 1282 1989; x_wconf 81' lang='grc' dir='ltr'><strong><em>μικράν</em></strong></span> <span class='ocrx_word' id='word_1_141' title='bbox 1302 1905 1439 1989; x_wconf 66' lang='lat' dir='ltr'><strong>duod-15</strong></span> 
     </span>
     <span class='ocr_line' id='line_1_17' title="bbox 308 1997 1400 2092; baseline -0.005 -20"><span class='ocrx_word' id='word_1_142' title='bbox 308 2031 380 2092; x_wconf 86' lang='grc' dir='ltr'><strong><em>μεν·</em></strong></span> <span class='ocrx_word' id='word_1_143' title='bbox 401 2006 474 2076; x_wconf 79' lang='grc' dir='ltr'><strong><em>νυνὶ</em></strong></span> <span class='ocrx_word' id='word_1_144' title='bbox 493 2009 529 2073; x_wconf 78' lang='grc' dir='ltr'><strong>δὲ</strong></span> <span class='ocrx_word' id='word_1_145' title='bbox 549 1998 638 2084; x_wconf 81' lang='grc' dir='ltr'><strong><em>άξιον</em></strong></span> <span class='ocrx_word' id='word_1_146' title='bbox 651 2003 832 2090; x_wconf 77' lang='grc' dir='ltr'><strong><em>ἱστορῆσαι,</em></strong></span> <span class='ocrx_word' id='word_1_147' title='bbox 854 1997 931 2068; x_wconf 77' lang='grc' dir='ltr'><strong><em>ὅθεν</em></strong></span> <span class='ocrx_word' id='word_1_148' title='bbox 951 2003 1011 2067; x_wconf 85' lang='grc' dir='ltr'><strong>κάν</strong></span> <span class='ocrx_word' id='word_1_149' title='bbox 1031 2001 1116 2078; x_wconf 68' lang='grc' dir='ltr'><strong><em>τίνος</em></strong></span> <span class='ocrx_word' id='word_1_150' title='bbox 1135 2003 1242 2078; x_wconf 76' lang='grc' dir='ltr'><strong><em>αἰτίας</em></strong></span> <span class='ocrx_word' id='word_1_151' title='bbox 1259 2005 1306 2080; x_wconf 84' lang='grc' dir='ltr'><strong>εἰς</strong></span> <span class='ocrx_word' id='word_1_152' title='bbox 1325 2003 1400 2069; x_wconf 78' lang='lat' dir='ltr'><strong>tori-</strong></span> 
     </span>
     <span class='ocr_line' id='line_1_18' title="bbox 309 2098 1400 2194; baseline -0.004 -21"><span class='ocrx_word' id='word_1_153' title='bbox 309 2131 382 2184; x_wconf 87' lang='grc' dir='ltr'><strong><em>τους</em></strong></span> <span class='ocrx_word' id='word_1_154' title='bbox 402 2103 550 2194; x_wconf 77' lang='grc' dir='ltr'><strong><em>προήχθη</em></strong></span> <span class='ocrx_word' id='word_1_155' title='bbox 563 2101 637 2180; x_wconf 70' lang='lat' dir='ltr'><strong>soris</strong></span> <span class='ocrx_word' id='word_1_156' title='bbox 657 2103 768 2187; x_wconf 82' lang='grc' dir='ltr'><strong><em>λόγους</em></strong></span> <span class='ocrx_word' id='word_1_157' title='bbox 782 2098 967 2186; x_wconf 79' lang='grc' dir='ltr'><strong><em>ὁβασιλεάς.</em></strong></span> <span class='ocrx_word' id='word_1_158' title='bbox 984 2102 1023 2168; x_wconf 91' lang='grc' dir='ltr'><strong>Ὁ</strong></span> <span class='ocrx_word' id='word_1_159' title='bbox 1041 2103 1109 2178; x_wconf 76' lang='grc' dir='ltr'><strong><em>νέος</em></strong></span> <span class='ocrx_word' id='word_1_160' title='bbox 1135 2099 1343 2186; x_wconf 81' lang='grc' dir='ltr'><strong><em>Ἀνδρόνικος,</em></strong></span> <span class='ocrx_word' id='word_1_161' title='bbox 1364 2103 1400 2169; x_wconf 76' lang='grc' dir='ltr'><strong>ἓν</strong></span> 
     </span>
     <span class='ocr_line' id='line_1_19' title="bbox 309 2198 1401 2288; baseline -0.006 -16"><span class='ocrx_word' id='word_1_162' title='bbox 309 2229 371 2278; x_wconf 85' lang='grc' dir='ltr'><strong>που</strong></span> <span class='ocrx_word' id='word_1_163' title='bbox 392 2205 448 2270; x_wconf 76' lang='lat' dir='ltr'><strong>sui</strong></span> <span class='ocrx_word' id='word_1_164' title='bbox 467 2202 565 2270; x_wconf 83' lang='grc' dir='ltr'><strong><em>εἰκοσι</em></strong></span> <span class='ocrx_word' id='word_1_165' title='bbox 584 2200 718 2287; x_wconf 84' lang='grc' dir='ltr'><strong>γεγσνάς</strong></span> <span class='ocrx_word' id='word_1_166' title='bbox 739 2198 813 2285; x_wconf 75' lang='grc' dir='ltr'><strong><em>ἔτη,</em></strong></span> <span class='ocrx_word' id='word_1_167' title='bbox 843 2204 918 2287; x_wconf 75' lang='grc' dir='ltr'><strong><em>περὶ</em></strong></span> <span class='ocrx_word' id='word_1_168' title='bbox 937 2198 972 2266; x_wconf 80' lang='grc' dir='ltr'><strong><em>τά</em></strong></span> <span class='ocrx_word' id='word_1_169' title='bbox 989 2198 1168 2279; x_wconf 87' lang='grc' dir='ltr'><strong><em>Βυζάντιον</em></strong></span> <span class='ocrx_word' id='word_1_170' title='bbox 1188 2199 1242 2265; x_wconf 79' lang='lat' dir='ltr'><strong>o’si</strong></span> <span class='ocrx_word' id='word_1_171' title='bbox 1262 2202 1401 2288; x_wconf 76' lang='grc' dir='ltr'><strong><em>διέτριβε</em></strong></span> 
     </span>
     <span class='ocr_line' id='line_1_20' title="bbox 308 2294 1400 2399; baseline -0.005 -29"><span class='ocrx_word' id='word_1_172' title='bbox 308 2305 441 2390; x_wconf 80' lang='grc' dir='ltr'><strong><em>μηδαμῆ</em></strong></span> <span class='ocrx_word' id='word_1_173' title='bbox 454 2305 715 2390; x_wconf 82' lang='grc' dir='ltr'><strong><em>συγχωρούμενος</em></strong></span> <span class='ocrx_word' id='word_1_174' title='bbox 727 2301 1111 2399; x_wconf 30' lang='grc' dir='ltr'><strong><em>περαιτέρωιπροβαινειν.</em></strong></span> <span class='ocrx_word' id='word_1_175' title='bbox 1126 2294 1178 2366; x_wconf 85' lang='grc' dir='ltr'><strong><em>οἰα</em></strong></span> <span class='ocrx_word' id='word_1_176' title='bbox 1199 2303 1236 2365; x_wconf 73' lang='lat' dir='ltr'><strong>di</strong></span> <span class='ocrx_word' id='word_1_177' title='bbox 1255 2303 1400 2387; x_wconf 78' lang='grc' dir='ltr'><strong><em>σφριγῶν</em></strong></span> 
     </span>
    </p>
   </div>
   <div class='ocr_carea' id='block_1_4' title="bbox 228 2396 1443 2886">
    <p class='ocr_par' dir='ltr' id='par_1_6' title="bbox 309 2396 1443 2589">
     <span class='ocr_line' id='line_1_21' title="bbox 309 2396 1443 2490; baseline -0.005 -19"><span class='ocrx_word' id='word_1_178' title='bbox 309 2403 429 2490; x_wconf 79' lang='grc' dir='ltr'><strong><em>νεότητι</em></strong></span> <span class='ocrx_word' id='word_1_179' title='bbox 450 2405 505 2471; x_wconf 83' lang='grc' dir='ltr'><strong><em>καί</em></strong></span> <span class='ocrx_word' id='word_1_180' title='bbox 524 2399 652 2490; x_wconf 81' lang='grc' dir='ltr'><strong><em>φάσεως</em></strong></span> <span class='ocrx_word' id='word_1_181' title='bbox 673 2397 802 2486; x_wconf 81' lang='grc' dir='ltr'><strong><em>άξάτήτι</em></strong></span> <span class='ocrx_word' id='word_1_182' title='bbox 821 2397 858 2465; x_wconf 85' lang='grc' dir='ltr'><strong><em>τὸ</em></strong></span> <span class='ocrx_word' id='word_1_183' title='bbox 880 2399 1055 2467; x_wconf 71' lang='grc' dir='ltr'><strong><em>ἀκάθεκτον</em></strong></span> <span class='ocrx_word' id='word_1_184' title='bbox 1076 2396 1170 2484; x_wconf 76' lang='grc' dir='ltr'><strong><em>ἔχων,</em></strong></span> <span class='ocrx_word' id='word_1_185' title='bbox 1191 2399 1443 2486; x_wconf 74' lang='grc' dir='ltr'><strong><em>ἰάναχίραινεαο</em></strong></span> 
     </span>
     <span class='ocr_line' id='line_1_22' title="bbox 309 2495 1401 2589; baseline -0.005 -19"><span class='ocrx_word' id='word_1_186' title='bbox 309 2507 368 2587; x_wconf 81' lang='grc' dir='ltr'><strong>μὲν</strong></span> <span class='ocrx_word' id='word_1_187' title='bbox 390 2502 564 2589; x_wconf 79' lang='grc' dir='ltr'><strong><em>εἰργόμενος</em></strong></span> <span class='ocrx_word' id='word_1_188' title='bbox 582 2502 782 2587; x_wconf 76' lang='grc' dir='ltr'><strong><em>μακροτέρας</em></strong></span> <span class='ocrx_word' id='word_1_189' title='bbox 797 2496 855 2577; x_wconf 85' lang='grc' dir='ltr'><strong><em>τάς</em></strong></span> <span class='ocrx_word' id='word_1_190' title='bbox 869 2495 1050 2586; x_wconf 72' lang='grc' dir='ltr'><strong><em>άποάήμιοις</em></strong></span> <span class='ocrx_word' id='word_1_191' title='bbox 1069 2504 1247 2581; x_wconf 79' lang='grc' dir='ltr'><strong><em>ποιεῖσθαι,</em></strong></span> <span class='ocrx_word' id='word_1_192' title='bbox 1271 2498 1327 2564; x_wconf 84' lang='grc' dir='ltr'><strong><em>καί</em></strong></span> <span class='ocrx_word' id='word_1_193' title='bbox 1344 2500 1401 2565; x_wconf 81' lang='grc' dir='ltr'><strong>οὗ·</strong></span> 
     </span>
    </p>

    <p class='ocr_par' dir='ltr' id='par_1_7' title="bbox 228 2594 1400 2886">
     <span class='ocr_line' id='line_1_23' title="bbox 228 2594 1400 2688; baseline -0.005 -18"><span class='ocrx_word' id='word_1_194' title='bbox 228 2668 232 2681; x_wconf 86' lang='grc'><strong><em>,</em></strong></span> <span class='ocrx_word' id='word_1_195' title='bbox 278 2604 363 2679; x_wconf 73' lang='lat' dir='ltr'><strong>cdiv</strong></span> <span class='ocrx_word' id='word_1_196' title='bbox 384 2594 511 2685; x_wconf 85' lang='grc' dir='ltr'><strong><em>άμεινον</em></strong></span> <span class='ocrx_word' id='word_1_197' title='bbox 532 2603 663 2667; x_wconf 81' lang='grc' dir='ltr'><strong><em>διέκειτο</em></strong></span> <span class='ocrx_word' id='word_1_198' title='bbox 683 2604 747 2665; x_wconf 75' lang='grc' dir='ltr'><strong><em>τῶν</em></strong></span> <span class='ocrx_word' id='word_1_199' title='bbox 767 2601 1076 2681; x_wconf 79' lang='grc' dir='ltr'><strong><em>κατακεκλεισμένων</em></strong></span> <span class='ocrx_word' id='word_1_200' title='bbox 1096 2600 1235 2688; x_wconf 77' lang='grc' dir='ltr'><strong><em>φρουρᾷ·</em></strong></span> <span class='ocrx_word' id='word_1_201' title='bbox 1273 2596 1400 2685; x_wconf 80' lang='grc' dir='ltr'><strong><em>ἔστεργε</em></strong></span> 
     </span>
     <span class='ocr_line' id='line_1_24' title="bbox 311 2693 1399 2783; baseline -0.006 -14"><span class='ocrx_word' id='word_1_202' title='bbox 311 2704 348 2769; x_wconf 73' lang='grc' dir='ltr'><strong>δὲ</strong></span> <span class='ocrx_word' id='word_1_203' title='bbox 369 2696 472 2783; x_wconf 74' lang='grc' dir='ltr'><strong><em>ὅμως,</em></strong></span> <span class='ocrx_word' id='word_1_204' title='bbox 492 2708 559 2775; x_wconf 82' lang='grc' dir='ltr'><strong><em>τοῖς</em></strong></span> <span class='ocrx_word' id='word_1_205' title='bbox 578 2700 636 2762; x_wconf 79' lang='grc' dir='ltr'><strong><em>τοῦ</em></strong></span> <span class='ocrx_word' id='word_1_206' title='bbox 654 2701 811 2780; x_wconf 77' lang='grc' dir='ltr'><strong><em>βασιλέως</em></strong></span> <span class='ocrx_word' id='word_1_207' title='bbox 830 2696 885 2762; x_wconf 77' lang='lat' dir='ltr'><strong>noi</strong></span> <span class='ocrx_word' id='word_1_208' title='bbox 903 2694 1032 2762; x_wconf 87' lang='grc' dir='ltr'><strong><em>πάππου</em></strong></span> <span class='ocrx_word' id='word_1_209' title='bbox 1052 2693 1270 2783; x_wconf 83' lang='grc' dir='ltr'><strong><em>προστάγμασι</em></strong></span> <span class='ocrx_word' id='word_1_210' title='bbox 1284 2697 1399 2762; x_wconf 83' lang='grc' dir='ltr'><strong><em>πειθά-</em></strong></span> 
     </span>
     <span class='ocr_line' id='line_1_25' title="bbox 308 2792 1399 2886; baseline 0 -22"><span class='ocrx_word' id='word_1_211' title='bbox 308 2824 401 2884; x_wconf 87' lang='grc' dir='ltr'><strong><em>μενος</em></strong></span> <span class='ocrx_word' id='word_1_212' title='bbox 420 2794 607 2882; x_wconf 78' lang='grc' dir='ltr'><strong><em>άναγκαίιος.</em></strong></span> <span class='ocrx_word' id='word_1_213' title='bbox 623 2792 708 2881; x_wconf 81' lang='grc' dir='ltr'><strong><em>ὅμως</em></strong></span> <span class='ocrx_word' id='word_1_214' title='bbox 721 2798 757 2862; x_wconf 77' lang='grc' dir='ltr'><strong>δὲ</strong></span> <span class='ocrx_word' id='word_1_215' title='bbox 769 2798 857 2886; x_wconf 53' lang='lat' dir='ltr'><strong>oderit</strong></span> <span class='ocrx_word' id='word_1_216' title='bbox 868 2820 939 2862; x_wconf 86' lang='grc' dir='ltr'><strong><em>τινα</em></strong></span> <span class='ocrx_word' id='word_1_217' title='bbox 953 2797 1165 2885; x_wconf 67' lang='grc' dir='ltr'><strong><em>παραμυθίαν</em></strong></span> <span class='ocrx_word' id='word_1_218' title='bbox 1180 2796 1215 2862; x_wconf 77' lang='grc' dir='ltr'><strong>ἐκ</strong></span> <span class='ocrx_word' id='word_1_219' title='bbox 1233 2799 1295 2863; x_wconf 75' lang='grc' dir='ltr'><strong><em>τῶν</em></strong></span> <span class='ocrx_word' id='word_1_220' title='bbox 1310 2794 1399 2864; x_wconf 74' lang='grc' dir='ltr'><strong><em>ἐνόν-</em></strong></span> 
     </span>
    </p>
   </div>
   <div class='ocr_carea' id='block_1_5' title="bbox 259 2948 1403 4358">
    <p class='ocr_par' dir='ltr' id='par_1_8' title="bbox 309 2948 1399 3093">
     <span class='ocr_line' id='line_1_26' title="bbox 309 2948 1399 3023; baseline -0.004 -16"><span class='ocrx_word' id='word_1_221' title='bbox 309 2955 359 3007; x_wconf 81' lang='lat' dir='ltr'><strong>riis</strong></span> <span class='ocrx_word' id='word_1_222' title='bbox 377 2950 506 3023; x_wconf 72' lang='lat' dir='ltr'><strong>exagitati</strong></span> <span class='ocrx_word' id='word_1_223' title='bbox 526 2957 554 3003; x_wconf 88' lang='lat' dir='ltr'><strong>et</strong></span> <span class='ocrx_word' id='word_1_224' title='bbox 582 2949 711 3003; x_wconf 74' lang='lat' dir='ltr'><strong>extremis</strong></span> <span class='ocrx_word' id='word_1_225' title='bbox 736 2948 861 3003; x_wconf 74' lang='lat' dir='ltr'><strong>afflictati</strong></span> <span class='ocrx_word' id='word_1_226' title='bbox 884 2949 1083 3014; x_wconf 75' lang='lat' dir='ltr'>incommodis,</span> <span class='ocrx_word' id='word_1_227' title='bbox 1110 2950 1263 3019; x_wconf 69' lang='lat' dir='ltr'><strong>praevisum</strong></span> <span class='ocrx_word' id='word_1_228' title='bbox 1280 2950 1399 3003; x_wconf 81' lang='lat' dir='ltr'><strong>exitium</strong></span> 
     </span>
     <span class='ocr_line' id='line_1_27' title="bbox 310 3019 1201 3093; baseline -0.006 -16"><span class='ocrx_word' id='word_1_229' title='bbox 310 3028 427 3093; x_wconf 72' lang='lat' dir='ltr'><strong>effugere</strong></span> <span class='ocrx_word' id='word_1_230' title='bbox 445 3021 572 3074; x_wconf 71' lang='lat' dir='ltr'><strong>ioluisse.</strong></span> <span class='ocrx_word' id='word_1_231' title='bbox 608 3022 643 3073; x_wconf 86' lang='lat' dir='ltr'><strong>Et</strong></span> <span class='ocrx_word' id='word_1_232' title='bbox 661 3020 795 3073; x_wconf 82' lang='lat' dir='ltr'><strong>hacteuus</strong></span> <span class='ocrx_word' id='word_1_233' title='bbox 813 3019 926 3091; x_wconf 82' lang='lat' dir='ltr'><strong>quidem</strong></span> <span class='ocrx_word' id='word_1_234' title='bbox 945 3023 982 3072; x_wconf 89' lang='lat' dir='ltr'><strong>im</strong></span> <span class='ocrx_word' id='word_1_235' title='bbox 1003 3029 1093 3072; x_wconf 74' lang='lat' dir='ltr'><strong>erutor</strong></span> <span class='ocrx_word' id='word_1_236' title='bbox 1107 3038 1201 3090; x_wconf 84' lang='lat' dir='ltr'><strong>nepos,</strong></span> 
     </span>
    </p>

    <p class='ocr_par' dir='ltr' id='par_1_9' title="bbox 309 3036 1401 4215">
     <span class='ocr_line' id='line_1_28' title="bbox 380 3036 1400 3161; baseline -0.005 -14"><span class='ocrx_word' id='word_1_237' title='bbox 380 3094 404 3147; x_wconf 81' lang='lat'><strong>5.</strong></span> <span class='ocrx_word' id='word_1_238' title='bbox 425 3092 550 3146; x_wconf 86' lang='lat' dir='ltr'><strong>Ceterum</strong></span> <span class='ocrx_word' id='word_1_239' title='bbox 560 3093 653 3145; x_wconf 85' lang='lat' dir='ltr'><strong>senior</strong></span> <span class='ocrx_word' id='word_1_240' title='bbox 667 3090 731 3144; x_wconf 88' lang='lat' dir='ltr'><strong>odio</strong></span> <span class='ocrx_word' id='word_1_241' title='bbox 743 3091 774 3143; x_wconf 89' lang='lat' dir='ltr'><strong>in</strong></span> <span class='ocrx_word' id='word_1_242' title='bbox 785 3098 914 3160; x_wconf 82' lang='lat' dir='ltr'><strong>nepotem</strong></span> <span class='ocrx_word' id='word_1_243' title='bbox 927 3036 1080 3143; x_wconf 62' lang='lat' dir='ltr'><strong>trussebore</strong></span> <span class='ocrx_word' id='word_1_244' title='bbox 1091 3100 1234 3160; x_wconf 83' lang='lat' dir='ltr'><strong>ooncepto‚</strong></span> <span class='ocrx_word' id='word_1_245' title='bbox 1251 3108 1301 3161; x_wconf 88' lang='lat' dir='ltr'><strong>per</strong></span> <span class='ocrx_word' id='word_1_246' title='bbox 1314 3107 1400 3143; x_wconf 81' lang='lat' dir='ltr'><strong>sena-</strong></span> 
     </span>
     <span class='ocr_line' id='line_1_29' title="bbox 309 3160 1399 3233; baseline -0.005 -15"><span class='ocrx_word' id='word_1_247' title='bbox 309 3172 397 3219; x_wconf 84' lang='lat' dir='ltr'><strong>torem</strong></span> <span class='ocrx_word' id='word_1_248' title='bbox 417 3162 561 3233; x_wconf 80' lang='lat' dir='ltr'><strong>quemdem</strong></span> <span class='ocrx_word' id='word_1_249' title='bbox 572 3160 640 3213; x_wconf 84' lang='lat' dir='ltr'><strong>haee</strong></span> <span class='ocrx_word' id='word_1_250' title='bbox 655 3164 682 3214; x_wconf 88' lang='lat' dir='ltr'><strong>ei</strong></span> <span class='ocrx_word' id='word_1_251' title='bbox 697 3161 823 3213; x_wconf 80' lang='lat' dir='ltr'><strong>nuntiet:</strong></span> <span class='ocrx_word' id='word_1_252' title='bbox 842 3161 1000 3214; x_wconf 83' lang='lat' dir='ltr'><strong>Meminisse</strong></span> <span class='ocrx_word' id='word_1_253' title='bbox 1014 3163 1112 3230; x_wconf 80' lang='lat' dir='ltr'><strong>ipsum,</strong></span> <span class='ocrx_word' id='word_1_254' title='bbox 1127 3161 1265 3233; x_wconf 83' lang='lat' dir='ltr'><strong>quomodo</strong></span> <span class='ocrx_word' id='word_1_255' title='bbox 1276 3161 1344 3213; x_wconf 81' lang='lat' dir='ltr'><strong>alise</strong></span> <span class='ocrx_word' id='word_1_256' title='bbox 1362 3162 1399 3213; x_wconf 83' lang='lat' dir='ltr'><strong>sb</strong></span> 
     </span>
     <span class='ocr_line' id='line_1_30' title="bbox 309 3231 1398 3301; baseline -0.003 -13"><span class='ocrx_word' id='word_1_257' title='bbox 309 3251 339 3288; x_wconf 87' lang='lat' dir='ltr'><strong>se</strong></span> <span class='ocrx_word' id='word_1_258' title='bbox 358 3234 544 3296; x_wconf 82' lang='lat' dir='ltr'><strong>contenderit,</strong></span> <span class='ocrx_word' id='word_1_259' title='bbox 564 3234 604 3283; x_wconf 89' lang='lat' dir='ltr'><strong>uti</strong></span> <span class='ocrx_word' id='word_1_260' title='bbox 624 3231 719 3283; x_wconf 82' lang='lat' dir='ltr'><strong>liceret</strong></span> <span class='ocrx_word' id='word_1_261' title='bbox 736 3233 828 3298; x_wconf 85' lang='lat' dir='ltr'><strong>posito</strong></span> <span class='ocrx_word' id='word_1_262' title='bbox 837 3239 937 3281; x_wconf 77' lang='lat' dir='ltr'><strong>ornatu</strong></span> <span class='ocrx_word' id='word_1_263' title='bbox 954 3232 1128 3300; x_wconf 72' lang='lat' dir='ltr'><strong>imperatorio</strong></span> <span class='ocrx_word' id='word_1_264' title='bbox 1148 3234 1282 3301; x_wconf 80' lang='lat' dir='ltr'><strong>prirstnm</strong></span> <span class='ocrx_word' id='word_1_265' title='bbox 1295 3234 1398 3285; x_wconf 81' lang='lat' dir='ltr'><strong>virere:</strong></span> 
     </span>
     <span class='ocr_line' id='line_1_31' title="bbox 310 3298 1400 3375; baseline -0.004 -18"><span class='ocrx_word' id='word_1_266' title='bbox 310 3322 342 3357; x_wconf 82' lang='lat' dir='ltr'><strong>ec</strong></span> <span class='ocrx_word' id='word_1_267' title='bbox 359 3313 415 3356; x_wconf 90' lang='lat' dir='ltr'><strong>tum</strong></span> <span class='ocrx_word' id='word_1_268' title='bbox 436 3302 548 3375; x_wconf 87' lang='lat' dir='ltr'><strong>quidem</strong></span> <span class='ocrx_word' id='word_1_269' title='bbox 567 3318 606 3365; x_wconf 87' lang='lat' dir='ltr'><strong>se,</strong></span> <span class='ocrx_word' id='word_1_270' title='bbox 625 3316 695 3371; x_wconf 85' lang='lat' dir='ltr'><strong>quse</strong></span> <span class='ocrx_word' id='word_1_271' title='bbox 713 3298 885 3365; x_wconf 77' lang='lat' dir='ltr'><strong>docuissent,</strong></span> <span class='ocrx_word' id='word_1_272' title='bbox 903 3303 1094 3369; x_wconf 84' lang='lat' dir='ltr'><strong>respondisse:</strong></span> <span class='ocrx_word' id='word_1_273' title='bbox 1121 3320 1195 3354; x_wconf 86' lang='lat' dir='ltr'><strong>nune</strong></span> <span class='ocrx_word' id='word_1_274' title='bbox 1213 3310 1304 3354; x_wconf 81' lang='lat' dir='ltr'><strong>sotem</strong></span> <span class='ocrx_word' id='word_1_275' title='bbox 1323 3304 1400 3369; x_wconf 87' lang='lat' dir='ltr'><strong>peti-</strong></span> 
     </span>
     <span class='ocr_line' id='line_1_32' title="bbox 309 3371 1400 3444; baseline -0.002 -17"><span class='ocrx_word' id='word_1_276' title='bbox 309 3377 388 3427; x_wconf 87' lang='lat' dir='ltr'><strong>tione</strong></span> <span class='ocrx_word' id='word_1_277' title='bbox 413 3374 463 3426; x_wconf 86' lang='lat' dir='ltr'><strong>iila</strong></span> <span class='ocrx_word' id='word_1_278' title='bbox 488 3374 641 3425; x_wconf 81' lang='lat' dir='ltr'><strong>examinata</strong></span> <span class='ocrx_word' id='word_1_279' title='bbox 665 3386 779 3440; x_wconf 84' lang='lat' dir='ltr'><strong>nequam</strong></span> <span class='ocrx_word' id='word_1_280' title='bbox 807 3388 865 3422; x_wconf 78' lang='lat' dir='ltr'><strong>enm</strong></span> <span class='ocrx_word' id='word_1_281' title='bbox 883 3387 941 3423; x_wconf 86' lang='lat' dir='ltr'><strong>esse</strong></span> <span class='ocrx_word' id='word_1_282' title='bbox 960 3388 1070 3425; x_wconf 84' lang='lat' dir='ltr'><strong>censere</strong></span> <span class='ocrx_word' id='word_1_283' title='bbox 1088 3376 1229 3444; x_wconf 79' lang='lat' dir='ltr'><strong>petitaque</strong></span> <span class='ocrx_word' id='word_1_284' title='bbox 1247 3371 1400 3425; x_wconf 82' lang='lat' dir='ltr'><strong>eoncedere</strong></span> 
     </span>
     <span class='ocr_line' id='line_1_33' title="bbox 310 3441 1401 3513; baseline 0 -18"><span class='ocrx_word' id='word_1_285' title='bbox 310 3442 395 3513; x_wconf 88' lang='lat' dir='ltr'><strong>idque</strong></span> <span class='ocrx_word' id='word_1_286' title='bbox 419 3446 450 3495; x_wconf 89' lang='lat' dir='ltr'><strong>in</strong></span> <span class='ocrx_word' id='word_1_287' title='bbox 477 3442 654 3512; x_wconf 75' lang='lat' dir='ltr'><strong>praesens·ei</strong></span> <span class='ocrx_word' id='word_1_288' title='bbox 681 3441 860 3509; x_wconf 75' lang='lat' dir='ltr'><strong>significatum</strong></span> <span class='ocrx_word' id='word_1_289' title='bbox 884 3442 974 3506; x_wconf 76' lang='lat' dir='ltr'><strong>veile5</strong></span> <span class='ocrx_word' id='word_1_290' title='bbox 1002 3441 1090 3493; x_wconf 86' lang='lat' dir='ltr'><strong>nihilo</strong></span> <span class='ocrx_word' id='word_1_291' title='bbox 1109 3445 1199 3494; x_wconf 90' lang='lat' dir='ltr'><strong>minus</strong></span> <span class='ocrx_word' id='word_1_292' title='bbox 1217 3458 1401 3495; x_wconf 82' lang='lat' dir='ltr'><strong>successorem</strong></span> 
     </span>
     <span class='ocr_line' id='line_1_34' title="bbox 312 3510 1400 3653; baseline -0.002 -18"><span class='ocrx_word' id='word_1_293' title='bbox 312 3510 781 3644; x_wconf 50' lang='lat' dir='ltr'><strong>titt‘&#39;ietttttt&#39;ttisstt&#39;?</strong></span> <span class='ocrx_word' id='word_1_294' title='bbox 805 3512 1264 3653; x_wconf 56' lang='lat' dir='ltr'><strong>{tradididittuitii</strong></span> <span class='ocrx_word' id='word_1_295' title='bbox 1280 3512 1400 3651; x_wconf 57' lang='lat' dir='ltr'><strong>tigit</strong></span> 
     </span>
     <span class='ocr_line' id='line_1_35' title="bbox 312 3652 1399 3725; baseline 0 -20"><span class='ocrx_word' id='word_1_296' title='bbox 312 3662 386 3707; x_wconf 84' lang='lat' dir='ltr'><strong>tores</strong></span> <span class='ocrx_word' id='word_1_297' title='bbox 407 3668 463 3707; x_wconf 87' lang='lat' dir='ltr'><strong>nou</strong></span> <span class='ocrx_word' id='word_1_298' title='bbox 480 3652 603 3717; x_wconf 76' lang='lat' dir='ltr'><strong>soleant,</strong></span> <span class='ocrx_word' id='word_1_299' title='bbox 635 3653 743 3725; x_wconf 86' lang='lat' dir='ltr'><strong>quoties</strong></span> <span class='ocrx_word' id='word_1_300' title='bbox 769 3661 860 3703; x_wconf 81' lang='lat' dir='ltr'><strong>tamen</strong></span> <span class='ocrx_word' id='word_1_301' title='bbox 887 3652 1047 3716; x_wconf 79' lang='lat' dir='ltr'><strong>accederet,</strong></span> <span class='ocrx_word' id='word_1_302' title='bbox 1072 3662 1188 3705; x_wconf 78' lang='lat' dir='ltr'><strong>stentem</strong></span> <span class='ocrx_word' id='word_1_303' title='bbox 1206 3655 1399 3705; x_wconf 83' lang='lat' dir='ltr'><strong>inventurum:</strong></span> 
     </span>
     <span class='ocr_line' id='line_1_36' title="bbox 313 3722 1400 3795; baseline -0.002 -20"><span class='ocrx_word' id='word_1_304' title='bbox 313 3740 368 3795; x_wconf 80' lang='lat' dir='ltr'><strong>qus</strong></span> <span class='ocrx_word' id='word_1_305' title='bbox 395 3724 500 3775; x_wconf 78' lang='lat' dir='ltr'><strong>ratione</strong></span> <span class='ocrx_word' id='word_1_306' title='bbox 525 3726 636 3795; x_wconf 90' lang='lat' dir='ltr'><strong>utrique</strong></span> <span class='ocrx_word' id='word_1_307' title='bbox 660 3723 821 3791; x_wconf 81' lang='lat' dir='ltr'><strong>dignitatem</strong></span> <span class='ocrx_word' id='word_1_308' title='bbox 846 3730 875 3773; x_wconf 89' lang='lat' dir='ltr'><strong>et</strong></span> <span class='ocrx_word' id='word_1_309' title='bbox 893 3724 936 3777; x_wconf 85' lang='lat' dir='ltr'><strong>ius</strong></span> <span class='ocrx_word' id='word_1_310' title='bbox 953 3740 1031 3775; x_wconf 83' lang='lat' dir='ltr'><strong>suurn</strong></span> <span class='ocrx_word' id='word_1_311' title='bbox 1054 3732 1241 3775; x_wconf 82' lang='lat' dir='ltr'><strong>conservatum</strong></span> <span class='ocrx_word' id='word_1_312' title='bbox 1260 3722 1302 3774; x_wconf 84' lang='lat' dir='ltr'><strong>iri.</strong></span> <span class='ocrx_word' id='word_1_313' title='bbox 1339 3722 1400 3774; x_wconf 85' lang='lat' dir='ltr'><strong>Hoe</strong></span> 
     </span>
     <span class='ocr_line' id='line_1_37' title="bbox 313 3792 1401 3862; baseline -0.003 -17"><span class='ocrx_word' id='word_1_314' title='bbox 313 3796 404 3847; x_wconf 82' lang='lat' dir='ltr'><strong>animo</strong></span> <span class='ocrx_word' id='word_1_315' title='bbox 423 3810 472 3847; x_wconf 80' lang='lat' dir='ltr'><strong>suo</strong></span> <span class='ocrx_word' id='word_1_316' title='bbox 491 3810 549 3844; x_wconf 86' lang='lat' dir='ltr'><strong>esse</strong></span> <span class='ocrx_word' id='word_1_317' title='bbox 567 3794 649 3845; x_wconf 81' lang='lat' dir='ltr'><strong>fixum</strong></span> <span class='ocrx_word' id='word_1_318' title='bbox 669 3792 755 3862; x_wconf 87' lang='lat' dir='ltr'><strong>idque</strong></span> <span class='ocrx_word' id='word_1_319' title='bbox 777 3793 849 3846; x_wconf 82' lang='lat' dir='ltr'><strong>velle</strong></span> <span class='ocrx_word' id='word_1_320' title='bbox 869 3795 959 3847; x_wconf 82' lang='lat' dir='ltr'><strong>sciret.</strong></span> <span class='ocrx_word' id='word_1_321' title='bbox 995 3794 1145 3862; x_wconf 79' lang='lat' dir='ltr'><strong>Respondit</strong></span> <span class='ocrx_word' id='word_1_322' title='bbox 1161 3792 1332 3846; x_wconf 67' lang='lat' dir='ltr'><strong>Andronicus</strong></span> <span class='ocrx_word' id='word_1_323' title='bbox 1349 3809 1401 3843; x_wconf 90' lang='lat' dir='ltr'><strong>ne-</strong></span> 
     </span>
     <span class='ocr_line' id='line_1_38' title="bbox 311 3862 1401 3934; baseline -0.003 -17"><span class='ocrx_word' id='word_1_324' title='bbox 311 3880 363 3934; x_wconf 86' lang='lat' dir='ltr'><strong>pos</strong></span> <span class='ocrx_word' id='word_1_325' title='bbox 383 3880 423 3927; x_wconf 81' lang='lat' dir='ltr'><strong>es,</strong></span> <span class='ocrx_word' id='word_1_326' title='bbox 441 3879 511 3934; x_wconf 82' lang='lat' dir='ltr'><strong>quse</strong></span> <span class='ocrx_word' id='word_1_327' title='bbox 529 3864 609 3931; x_wconf 86' lang='lat' dir='ltr'><strong>paulo</strong></span> <span class='ocrx_word' id='word_1_328' title='bbox 626 3864 696 3915; x_wconf 80' lang='lat' dir='ltr'><strong>inira</strong></span> <span class='ocrx_word' id='word_1_329' title='bbox 710 3864 909 3931; x_wconf 76' lang='lat' dir='ltr'><strong>adscribemu13</strong></span> <span class='ocrx_word' id='word_1_330' title='bbox 936 3882 1010 3915; x_wconf 90' lang='lat' dir='ltr'><strong>nuno</strong></span> <span class='ocrx_word' id='word_1_331' title='bbox 1029 3865 1104 3932; x_wconf 87' lang='lat' dir='ltr'><strong>prius</strong></span> <span class='ocrx_word' id='word_1_332' title='bbox 1121 3862 1325 3915; x_wconf 84' lang='lat' dir='ltr'><strong>memorandum</strong></span> <span class='ocrx_word' id='word_1_333' title='bbox 1338 3870 1401 3925; x_wconf 85' lang='lat' dir='ltr'><strong>est,</strong></span> 
     </span>
     <span class='ocr_line' id='line_1_39' title="bbox 312 3932 1400 4005; baseline -0.003 -19"><span class='ocrx_word' id='word_1_334' title='bbox 312 3933 398 3998; x_wconf 87' lang='lat' dir='ltr'><strong>unde,</strong></span> <span class='ocrx_word' id='word_1_335' title='bbox 417 3932 551 4005; x_wconf 74' lang='lat' dir='ltr'><strong>quibusve</strong></span> <span class='ocrx_word' id='word_1_336' title='bbox 569 3934 714 3986; x_wconf 81' lang='lat' dir='ltr'><strong>momentis</strong></span> <span class='ocrx_word' id='word_1_337' title='bbox 735 3937 883 4003; x_wconf 85' lang='lat' dir='ltr'><strong>imperator</strong></span> <span class='ocrx_word' id='word_1_338' title='bbox 902 3932 937 3986; x_wconf 88' lang='lat' dir='ltr'><strong>sd</strong></span> <span class='ocrx_word' id='word_1_339' title='bbox 956 3933 1061 3987; x_wconf 85' lang='lat' dir='ltr'><strong>bunece</strong></span> <span class='ocrx_word' id='word_1_340' title='bbox 1079 3938 1208 3987; x_wconf 88' lang='lat' dir='ltr'><strong>nuntium</strong></span> <span class='ocrx_word' id='word_1_341' title='bbox 1225 3933 1400 4003; x_wconf 79' lang='lat' dir='ltr'><strong>allegandum</strong></span> 
     </span>
     <span class='ocr_line' id='line_1_40' title="bbox 313 4002 1400 4074; baseline -0.002 -17"><span class='ocrx_word' id='word_1_342' title='bbox 313 4004 442 4057; x_wconf 78' lang='lat' dir='ltr'><strong>inductus</strong></span> <span class='ocrx_word' id='word_1_343' title='bbox 465 4005 508 4055; x_wconf 85' lang='lat' dir='ltr'><strong>sit.</strong></span> <span class='ocrx_word' id='word_1_344' title='bbox 551 4002 660 4072; x_wconf 81' lang='lat' dir='ltr'><strong>Nepos,</strong></span> <span class='ocrx_word' id='word_1_345' title='bbox 685 4006 774 4073; x_wconf 86' lang='lat' dir='ltr'><strong>primo</strong></span> <span class='ocrx_word' id='word_1_346' title='bbox 801 4022 873 4057; x_wconf 85' lang='lat' dir='ltr'><strong>anno</strong></span> <span class='ocrx_word' id='word_1_347' title='bbox 897 4021 978 4074; x_wconf 86' lang='lat' dir='ltr'><strong>supra</strong></span> <span class='ocrx_word' id='word_1_348' title='bbox 1003 4005 1161 4058; x_wconf 81' lang='lat' dir='ltr'><strong>vicesimum</strong></span> <span class='ocrx_word' id='word_1_349' title='bbox 1178 4006 1309 4065; x_wconf 82' lang='lat' dir='ltr'><strong>decurso,</strong></span> <span class='ocrx_word' id='word_1_350' title='bbox 1326 4004 1400 4055; x_wconf 78' lang='lat' dir='ltr'><strong>intra</strong></span> 
     </span>
     <span class='ocr_line' id='line_1_41' title="bbox 311 4072 1401 4146; baseline 0 -21"><span class='ocrx_word' id='word_1_351' title='bbox 311 4074 437 4141; x_wconf 75' lang='lat' dir='ltr'><strong>Byzantii</strong></span> <span class='ocrx_word' id='word_1_352' title='bbox 458 4074 524 4126; x_wconf 80' lang='lat' dir='ltr'><strong>fines</strong></span> <span class='ocrx_word' id='word_1_353' title='bbox 542 4090 623 4125; x_wconf 86' lang='lat' dir='ltr'><strong>omne</strong></span> <span class='ocrx_word' id='word_1_354' title='bbox 633 4082 737 4143; x_wconf 83' lang='lat' dir='ltr'><strong>tempus</strong></span> <span class='ocrx_word' id='word_1_355' title='bbox 757 4074 933 4138; x_wconf 80' lang='lat' dir='ltr'><strong>conterebat,</strong></span> <span class='ocrx_word' id='word_1_356' title='bbox 950 4090 1001 4127; x_wconf 81' lang='lat' dir='ltr'><strong>nec</strong></span> <span class='ocrx_word' id='word_1_357' title='bbox 1010 4092 1146 4146; x_wconf 84' lang='lat' dir='ltr'><strong>quoquam</strong></span> <span class='ocrx_word' id='word_1_358' title='bbox 1168 4076 1240 4126; x_wconf 86' lang='lat' dir='ltr'><strong>nitra</strong></span> <span class='ocrx_word' id='word_1_359' title='bbox 1258 4072 1401 4125; x_wconf 74' lang='lat' dir='ltr'><strong>sinebatur</strong></span> 
     </span>
     <span class='ocr_line' id='line_1_42' title="bbox 311 4143 1398 4215; baseline -0.005 -18"><span class='ocrx_word' id='word_1_360' title='bbox 311 4143 451 4214; x_wconf 70' lang='lat' dir='ltr'><strong>progredi.</strong></span> <span class='ocrx_word' id='word_1_361' title='bbox 487 4143 545 4214; x_wconf 86' lang='lat' dir='ltr'><strong>Qui</strong></span> <span class='ocrx_word' id='word_1_362' title='bbox 561 4143 676 4195; x_wconf 85' lang='lat' dir='ltr'><strong>iuvenili</strong></span> <span class='ocrx_word' id='word_1_363' title='bbox 695 4145 807 4199; x_wconf 80' lang='lat' dir='ltr'><strong>inflatus</strong></span> <span class='ocrx_word' id='word_1_364' title='bbox 830 4147 947 4215; x_wconf 86' lang='lat' dir='ltr'><strong>spiritu,</strong></span> <span class='ocrx_word' id='word_1_365' title='bbox 965 4154 995 4198; x_wconf 85' lang='lat' dir='ltr'><strong>et</strong></span> <span class='ocrx_word' id='word_1_366' title='bbox 1012 4154 1125 4198; x_wconf 79' lang='lat' dir='ltr'><strong>naturae</strong></span> <span class='ocrx_word' id='word_1_367' title='bbox 1143 4144 1291 4198; x_wconf 77' lang='lat' dir='ltr'><strong>acrimonia</strong></span> <span class='ocrx_word' id='word_1_368' title='bbox 1316 4146 1398 4193; x_wconf 82' lang='lat' dir='ltr'><strong>eifre-</strong></span> 
     </span>
    </p>

    <p class='ocr_par' dir='ltr' id='par_1_10' title="bbox 259 4212 1403 4358">
     <span class='ocr_line' id='line_1_43' title="bbox 259 4212 1397 4287; baseline -0.002 -20"><span class='ocrx_word' id='word_1_369' title='bbox 259 4280 261 4287; x_wconf 94' lang='lat'><em>.</em></span> <span class='ocrx_word' id='word_1_370' title='bbox 312 4216 415 4278; x_wconf 79' lang='lat' dir='ltr'><strong>notior,</strong></span> <span class='ocrx_word' id='word_1_371' title='bbox 433 4212 602 4286; x_wconf 74' lang='lat' dir='ltr'><strong>longioribus</strong></span> <span class='ocrx_word' id='word_1_372' title='bbox 613 4212 667 4267; x_wconf 86' lang='lat' dir='ltr'><strong>sibi</strong></span> <span class='ocrx_word' id='word_1_373' title='bbox 676 4216 941 4285; x_wconf 80' lang='lat' dir='ltr'><strong>peregrinationibus</strong></span> <span class='ocrx_word' id='word_1_374' title='bbox 952 4216 1127 4268; x_wconf 84' lang='lat' dir='ltr'><strong>interdictum</strong></span> <span class='ocrx_word' id='word_1_375' title='bbox 1145 4216 1204 4269; x_wconf 87' lang='lat' dir='ltr'><strong>indi</strong></span> <span class='ocrx_word' id='word_1_376' title='bbox 1243 4213 1397 4265; x_wconf 83' lang='lat' dir='ltr'><strong>eierebnt:</strong></span> 
     </span>
     <span class='ocr_line' id='line_1_44' title="bbox 313 4282 1403 4358; baseline -0.004 -19"><span class='ocrx_word' id='word_1_377' title='bbox 313 4300 365 4339; x_wconf 83' lang='lat' dir='ltr'><strong>nee</strong></span> <span class='ocrx_word' id='word_1_378' title='bbox 382 4285 428 4340; x_wconf 87' lang='lat' dir='ltr'><strong>iiii</strong></span> <span class='ocrx_word' id='word_1_379' title='bbox 444 4300 522 4341; x_wconf 80' lang='lat' dir='ltr'><strong>setus</strong></span> <span class='ocrx_word' id='word_1_380' title='bbox 540 4292 607 4351; x_wconf 82' lang='lat' dir='ltr'><strong>emt,</strong></span> <span class='ocrx_word' id='word_1_381' title='bbox 625 4302 706 4358; x_wconf 80' lang='lat' dir='ltr'><strong>quem</strong></span> <span class='ocrx_word' id='word_1_382' title='bbox 729 4288 754 4339; x_wconf 88' lang='grc' dir='ltr'><strong>ιΙ</strong></span> <span class='ocrx_word' id='word_1_383' title='bbox 771 4286 999 4341; x_wconf 68' lang='lat' dir='ltr'><strong>mesochorus</strong></span> <span class='ocrx_word' id='word_1_384' title='bbox 1015 4294 1165 4347; x_wconf 81' lang='lat' dir='ltr'><strong>teneretur.</strong></span> <span class='ocrx_word' id='word_1_385' title='bbox 1219 4282 1289 4337; x_wconf 86' lang='lat' dir='ltr'><strong>ibilo</strong></span> <span class='ocrx_word' id='word_1_386' title='bbox 1306 4282 1403 4335; x_wconf 85' lang='lat' dir='ltr'><strong>minus·</strong></span> 
     </span>
    </p>
   </div>
   <div class='ocr_carea' id='block_1_6' title="bbox 0 0 1529 4900">
    <p class='ocr_par' dir='ltr' id='par_1_11' title="bbox 0 0 1529 4900">
     <span class='ocr_line' id='line_1_45' title="bbox 0 0 1529 4900; baseline 0 0"><span class='ocrx_word' id='word_1_387' title='bbox 0 0 1529 4900; x_wconf 95' lang='lat' dir='ltr'><strong> </strong></span> 
     </span>
    </p>
   </div>
  </div>
 </body>
</html>
