3025 4900
264 233 340 291 ran
649 226 927 296 mMAcUzEtil
1017 255 1018 260 ν

109 393 170 450 tc.
186 395 306 454 ι3ιισει
332 383 408 474 περέ
430 385 531 468 ἧμόν.
556 383 782 468 ἀναμιμνήσκω
806 387 842 449 δέ
862 407 898 450 σε
919 385 974 450 καί
999 370 1045 455 οἷν
1065 374 1162 458 αότός
1188 384 1335 469 ἐφθέγξω

228 486 363 570 Βλόγων,
383 486 474 571 ἡμῶν
493 485 643 570 περὶτοῦ
660 487 694 548 τί
713 486 768 548 δεῖ
777 482 924 570 πράττειν
944 486 978 548 έν
995 482 1161 570 Βυζαντίῳ
1181 487 1335 565 βουλευο-

251 590 364 669 μένων.
390 586 451 650 οοό
467 581 528 669 γὰρ
547 580 605 646 καί
625 577 903 668 πρωτοστρότορος
929 579 1003 668 περί
1024 583 1084 646 τοῦ
1100 584 1254 664 βασιλέως
1272 575 1335 650 ὅσα,

251 780 422 862 θαυμάσας
437 776 532 856 αότός
546 784 707 863 ,πέποιθα
719 783 850 867 σοφός’
862 778 939 866 ἔφης
956 775 1114 866 ,ἐπίθειβ
1127 777 1170 854 ὡς
1184 780 1246 843 ουό
1259 780 1357 856 τοῦ-5
1425 865 1428 868 ¹

251 903 307 944 τον
318 876 374 944 τόν
388 875 504 965 τρόπον
515 881 589 966 περί
602 878 659 944 τόν
673 876 800 944 πάππον
811 877 867 944 καί
879 879 1011 961 βασιλέα
1021 879 1229 958 διακειμένου,
1238 870 1337 952 αότός

251 975 360 1055 imag
385 978 554 1064 πολεμήσει
573 977 652 1065 ὑπὲρ
667 979 778 1063 ἡμῶν,
805 975 890 1062 ἡμᾶς
907 979 943 1041 δέ
961 971 1152 1063 ἀμερίμνους
1176 975 1335 1061 ποιήσει.”

252 1081 369 1160 σκέψαι
392 1076 499 1143 τοίνυν
518 1074 537 1142 δ
556 1078 680 1160 μέλλεις
701 1079 788 1166 δρᾷν·
823 1076 875 1143 σοί
894 1074 955 1164 γὰρ
980 1076 997 1142 ό
1022 1073 1110 1160 λόγος
1132 1073 1255 1162 εἴρηται
1277 1071 1336 1139 υό-

251 1183 349 1244 τοσι’.”
394 1179 531 1242 Τοιαῦτα
547 1180 606 1242 τοῦ
621 1179 775 1261 βασιλέως
791 1178 950 1258 εἰπόντος,
971 1178 1114 1244 ἐνίστατο
1135 1178 1194 1256 μὲν
1212 1173 1230 1239 ό
1250 1179 1337 1260 Συρ-

250 1276 381 1362 γιόννης
399 1278 692 1362 σεσυκοφαντῆσθαι
712 1275 854 1362 φάσκων,
874 1279 928 1340 καί
940 1267 986 1340 ’ὧν
1007 1272 1214 1360 κατηγόρηται
1233 1275 1378 1357 μηδὲνιο

253 1371 370 1461 ἀληθὲς
385 1371 476 1441 εἶναι·
512 1377 557 1464 τῷ
579 1376 615 1439 δὲ
644 1373 691 1460 μὴ
707 1375 839 1460 βεβαίας
865 1376 1064 1460 παρέχεσθαι
1092 1377 1167 1459 μηδ’
1197 1375 1338 1458 ἐναργεῖς

228 1472 316 1552 crde
338 1470 513 1551 ἀποδείξεις
533 1471 612 1560 ὑπὲρ
633 1466 679 1540 ὧν
702 1482 915 1560 κατηγορεῖτο,
944 1471 1086 1554 ὑποψίαν
1108 1467 1145 1538 od
1158 1469 1276 1556 μικρόν
1292 1473 1338 1558 τῷ

256 1573 470 1657 στοχάζεσθαι
486 1571 525 1636 τὰ
543 1573 713 1658 πράγματα
730 1573 898 1658 παρείχετο
916 1573 1078 1659 δυναμένῳ
1096 1573 1132 1637 έκ
1147 1573 1211 1636 τόν
1226 1568 1338 1652 λόγων,

255 1673 300 1748 ὥς
313 1669 433 1758 πονηροὶ
450 1670 593 1738 σύνοιδεν
614 1668 726 1762 ἑαυτῷ.
748 1675 806 1737 τοῦ
819 1673 929 1752 μέντοι
950 1674 1106 1755 βασιλέως
1123 1667 1199 1744 τοός
1218 1664 1338 1742 adroic

254 1770 364 1856 λόγους
379 1768 473 1836 πόλιν
493 1771 727 1861 ἀναλαβόντος,
748 1765 803 1838 καί
816 1769 958 1857 θάρσους
975 1767 1198 1856 ἐμπλήσαντας,
1217 1763 1260 1844 ὦς
1281 1761 1378 1840 ου’-ιδ
1439 1781 1444 1790 ’

213 1937 217 1941 ,
255 1875 310 1937 δὸν
329 1863 421 1956 ἧττον
434 1865 455 1955 ἢ
470 1869 620 1957 πρότερον
636 1871 774 1953 εὐμενῶς
794 1873 985 1937 διακείσεται
1007 1870 1087 1956 πρός
1107 1865 1215 1950 αὐτόν,
1236 1862 1338 1952 όπῆλ-

254 1977 321 2036 θεν.
353 1972 389 2035 dx
411 1971 520 2052 μέντοι
536 1973 714 2050 Βυζαντίου
737 1969 826 2058 παρὰ
846 1975 909 2036 τῶν
929 1973 987 2037 τοῦ
1009 1973 1079 2037 νέου
1103 1970 1257 2054 βασιλέως
1278 1967 1338 2052 οἶγ-

253 2067 357 2152 γελίαι
382 2067 536 2176 ὁσημέραι
554 2069 744 2156 ἀφικνοῦντο
768 2071 888 2158 φιλων,
923 2066 964 2136 τό
989 2068 1117 2156 τεπερδ
1141 2063 1338 2155 Συργιόνννγν

253 2169 422 2234 πειδουσαι
436 2169 480 2246 ὥς
494 2167 542 2254 εἴη
563 2166 669 2255 ἀληθῆ
677 2219 687 2252 ,
715 2168 770 2235 καί
787 2165 835 2236 ὅτι
857 2164 1040 2254 βασιλεδςδ
1063 2168 1275 2256 πρεσβότερυς
1294 2165 1337 2230 τό

254 2266 334 2351 πρός
355 2267 411 2333 τόν
428 2267 563 2351 πόλεμον
579 2269 761 2356 ἐξαρτύεται
780 2270 902 2354 πάντα,
924 2269 966 2348 ὥς
985 2264 1120 2358 dinoscii
1139 2268 1379 2352 Συργιόνννγντο

257 2361 434 2453 ἀφικέσθαι
452 2363 760 2455 όναόραγνγσομένου.
797 2363 868 2457 ripn
887 2371 922 2435 δέ
944 2372 999 2436 τοῦ
1017 2369 1173 2454 χειμῶνος
1189 2367 1332 2452 ἀρχομέ-

226 2474 333 2548 Βνου,
357 2466 546 2552 Ὀκτωβριόυ
566 2467 665 2553 μηνός
686 2472 807 2558 πέμπτῃ
827 2468 1015 2555 ἱσταμένου,
1047 2468 1143 2536 πόλιν
1157 2468 1173 2534 ό
1188 2465 1338 2551 βασιλεὺς

257 2564 448 2643 ἰδιαζόντως
467 2562 529 2652 ἔφη
556 2567 632 2653 πρός
659 2566 864 2655 Συργιόννιγν·
902 2572 984 2652 ,μέν
1013 2564 1125 2651 οἴομαί
1141 2591 1177 2634 σε
1201 2558 1247 2633 οἷν
1275 2564 1337 2651 πρό

254 2661 372 2750 χρόνου
397 2669 512 2752 μικροῦ
535 2666 616 2754 πρός
640 2690 676 2735 σε
698 2670 876 2753 διειλέχθνγν
903 2670 1118 2753 ἐπιλελῆσθαι.
1159 2667 1195 2730 έκ
1218 2665 1287 2731 τότε
1307 2666 1339 2730 δ’

256 2833 363 2869 meeum
386 2817 526 2871 decertare
549 2819 622 2888 apud
647 2822 768 2871 animum
792 2822 952 2890 proposuit,
976 2836 1025 2871 nos
1044 2820 1103 2871 Deo
1126 2819 1201 2873 cordi
1227 2818 1338 2878 erimus,

257 2886 408 2941 Recordare
424 2889 567 2943 verborum
584 2886 708 2955 morumg
726 2908 788 2942 enm
808 2892 929 2959 Byzantii
947 2892 981 2944 de
1000 2897 1073 2943 statu
1091 2908 1181 2945 rernm
1200 2890 1338 2942 consulta-

150 2960 156 2969 ”
258 2972 356 3016 remus.
409 2958 477 3011 Com
495 2963 568 3013 enim
585 2969 616 3013 tn
641 2970 670 3013 et
696 2969 875 3031 protostrator
904 2980 986 3033 super
1011 2978 1060 3015 avo
1090 2978 1160 3033 quae
1187 2960 1340 3013 meministi

259 3028 360 3081 elocuti
381 3030 491 3093 essetis,
513 3048 556 3083 me
582 3031 663 3101 longe
680 3030 755 3083 alind
774 3034 930 3096 sentiente,
949 3042 979 3085 tu
1003 3032 1076 3085 hunc
1103 3032 1221 3083 animum
1248 3046 1339 3081 meum

258 3101 425 3167 suspiciens,
443 3100 527 3153 fidere
546 3102 605 3153 Deo
628 3111 656 3153 te
675 3101 804 3165 dicebas,
823 3104 880 3175 qui,
898 3122 942 3156 me
964 3110 1020 3155 tam
1046 3103 1192 3155 elementer
1210 3103 1240 3152 in
1259 3116 1340 3151 avum

258 3172 372 3233 affecto,
390 3188 440 3239 pro
458 3171 540 3222 nobis
560 3179 726 3241 pugnaturus
744 3190 849 3244 nosque
872 3174 947 3227 omni
966 3191 1029 3225 cura
1048 3182 1077 3227 et
1099 3170 1285 3225 sollieitudine
1302 3170 1341 3222 ii-

258 3238 401 3293 beraturus
418 3250 496 3294 esset
534 3239 628 3311 Quare
647 3241 715 3313 quid
732 3258 793 3313 agas
814 3244 935 3311 dispice3
962 3252 1009 3295 tua
1035 3246 1138 3313 quippe
1167 3258 1247 3293 eausa
1272 3239 1341 3293 haee

259 3308 422 3365 dictasunt.
458 3312 547 3365 Simul
562 3312 645 3365 finem
670 3311 804 3382 loquendi
825 3312 904 3367 dedit
921 3316 1084 3383 imperator,
1108 3314 1268 3381 Syrgiannes
1287 3310 1341 3363 ad-

257 3383 453 3435 νενικήκατε
480 3402 530 3453 per
559 3382 719 3435 calomniam
742 3382 862 3435 delatum
886 3394 1027 3455 totamque
1055 3386 1253 3436 recusationem
1281 3398 1340 3433 esse

217 3504 221 3511 ,
258 3454 472 3505 commentitiam
488 3454 625 3507 affirmare.
666 3452 794 3505 Attamen
819 3454 893 3525 qnod
916 3456 1122 3507 asseverationis
1140 3453 1221 3505 huius
1247 3468 1340 3521 neque

259 3518 369 3584 solidas,
386 3539 475 3594 neque
495 3525 578 3577 oleras
595 3522 772 3595 probationes
791 3524 952 3588 adducebat,
970 3542 1032 3577 eum
1050 3525 1233 3576 eonscientiae
1247 3522 1339 3574 labem

258 3592 288 3643 in
306 3594 397 3643 animo
415 3591 517 3649 habere
535 3595 624 3649 bonus
642 3610 732 3646 rerum
751 3596 907 3648 aestimator
923 3612 978 3649 non
996 3596 1093 3648 leviter
1111 3592 1242 3662 suspicari
1260 3601 1341 3659 pote-

259 3667 310 3712 rat
353 3664 388 3714 At
417 3664 582 3731 Imperatore
609 3663 705 3717 eadem
732 3665 866 3728 iterante,
892 3682 924 3717 ao
949 3682 1025 3735 spem
1042 3666 1185 3717 maximam
1208 3664 1338 3715 iniieien-

259 3739 305 3792 te,
328 3750 385 3786 non
408 3735 498 3785 minus
521 3754 603 3806 quam
627 3735 741 3789 antehac
760 3734 814 3787 sibi
836 3752 926 3787 earum
943 3736 1020 3799 soro,
1048 3752 1063 3787 e
1088 3742 1233 3804 conspeetu
1261 3732 1339 3785 abiit

258 3802 388 3867 Byzantio
406 3810 496 3855 autem
514 3805 670 3875 quotidiani
687 3806 722 3859 ab
744 3806 836 3858 amieis
853 3806 1001 3858 veniebant
1017 3805 1128 3867 nuntii,
1164 3804 1340 3871 Sprgiannem

258 3871 425 3937 proditorem
446 3890 521 3937 esse,
549 3883 578 3927 et
598 3880 799 3947 quamprimum
822 3877 871 3928 ille
897 3878 1043 3939 affuisset,·
1057 3880 1135 3926 avum
1163 3878 1192 3927 in
1217 3873 1340 3937 bellum,

260 3940 334 4061 φοοδ
352 3943 516 3995 omnimodis
535 3946 589 3996 iarn
605 3956 742 4015 parasset,
762 3954 929 4016 erupturum.
967 3946 1063 3997 Hieme
1086 3952 1248 4017 appetente,
1276 3951 1340 3997 ants

280 4014 334 4062 iem
352 4014 463 4065 tertium
475 4014 565 4067 Nonas
582 4016 713 4069 Octobres
728 4017 908 4086 Syr-ginonem'
921 4018 1011 4067 iunior
1029 4019 1174 4085 imperator
1193 4015 1340 4084 separatim

149 4144 153 4153 ¹
260 4078 351 4134 denno
369 4086 408 4135 sic
429 4094 471 4136 est
491 4088 603 4137 affatus:
625 4086 657 4137 In
683 4091 811 4139 memoria
843 4087 895 4138 tibi
930 4103 987 4137 esse
1011 4095 1136 4151 autumo,
1161 4102 1230 4157 qnae
1253 4098 1341 4153 nuper

260 4159 348 4205 tecam
366 4156 416 4225 egi
453 4156 544 4211 Exeo
563 4172 649 4228 usqne
668 4155 752 4210 hodie
770 4156 878 4227 indies
902 4158 1021 4226 singulos
1039 4157 1107 4211 mihi
1127 4154 1288 4216 nuntiatur,
1311 4160 1341 4205 te
