3025 4900
239 258 297 362 do
633 283 946 348 onnrncozenr

80 459 113 516 Α.
124 457 153 514 0.
163 457 232 514 1³20
242 442 659 533 ἄνδραμικρᾶςόπιόοαιντο
669 438 1337 528 αἰτιάςὲνεκα·όδικύαςδ’,δτιαύτούπροσ-

240 542 1338 630 καλεσάμενοικαέπροσεταιρισάμεναι,καίσπουδῆνιτολλῆνκαίπρσ-

118 635 125 650 ”
156 657 184 712 Ρ.
195 648 363 729 2Βθυμιάν
381 644 463 728 πρός
481 645 515 711 τό
535 646 592 712 σύν
612 646 718 721 adroic
736 647 928 709 κινδυνεύειν
939 643 1153 730 εἰστνιγκόντα
1170 645 1226 709 νῦν
1245 643 1339 707 duno-

239 750 381 825 θοῦνται,
405 747 492 827 ἔδοξε
513 750 582 834 θεῷ
605 744 845 834 δαρόρἠσαντας,
869 746 925 810 καί
948 742 1093 826 δποψιάν
1114 744 1260 810 κινδύνου
1280 769 1337 827 μι·

239 845 319 928 κρδν
332 850 389 912 τοῦ
402 845 530 932 ἑταόρου
540 849 640 933 χάριν
653 847 908 928 ύναδιξαμένους
923 847 978 931 τὴν
996 847 1043 923 εἷς
1053 847 1228 930 Ἀδριανοῦ
1243 847 1354 911 πόλινό

237 949 360 1030 μᾶλλον
372 948 653 1034 ἐπιψηφίσασθαι.
676 945 758 1011 οὕτω
775 947 876 1030 πέρας
890 948 1051 1029 ἐπιθέντες
1070 950 1112 1033 τῇ
1130 946 1206 1030 περὶ
1223 945 1336 1010 τούτου

151 1058 182 1113 V.
194 1057 228 1113 23
236 1051 350 1136 βουλῇ,
372 1051 484 1135 καὶτῷ
495 1047 757 1133 πρωτοοτρότυρι
772 1050 853 1131 δῆλα
865 1046 1117 1131 καταστήσαντες
1128 1048 1169 1112 τὰ
1181 1049 1237 1130 τῆς
1255 1045 1337 1131 γνού-

234 1174 307 1233 μης,
341 1148 564 1234 όνεπτέρωσόν
592 1171 625 1213 τε
653 1145 735 1235 πρὸς
756 1147 792 1213 τό
822 1148 980 1234 πράττειν,
1015 1149 1070 1213 καὶ
1092 1147 1338 1232 προθυμότερον

238 1247 408 1328 ἀπέδειξαν
430 1245 555 1314 ἑαυτοῦ.
586 1247 685 1316 Ἀλλὰ
705 1247 823 1333 τὰμὲν
844 1253 913 1314 κατ’
938 1247 1052 1325 αύτούς
1072 1250 1216 1322 τοιαῦτα,
1237 1250 1337 1328 βασι·

236 1349 308 1425 ierit,-
327 1349 609 1436 δ’όπρεσβύτερος
627 1353 668 1436 τῇ
682 1347 764 1433 πρός
776 1347 831 1415 τόν
845 1349 973 1434 ἔγγονον
992 1348 1075 1436 όργῇ
1091 1349 1163 1414 λιάν
1181 1352 1374 1432 παρωξυ-ιο

234 1451 340 1534 μένος,
374 1447 444 1516 οὔτε
467 1451 639 1535 προσιόντα
665 1451 855 1536 καδημέραν
876 1451 1098 1536 προσηγόρευε
1124 1453 1179 1515 τὸν
1200 1447 1335 1534 ἔγγονον,

237 1549 308 1617 οὔτε
318 1549 382 1636 μὴν
393 1551 473 1635 πρὸς
485 1550 540 1635 τὴν
549 1551 653 1618 οἷκιάν
663 1551 796 1616 ἀπιόντα
812 1551 907 1616 πόλιν
918 1551 1129 1636 προσρήσεως
1141 1549 1231 1633 ἤξιόυ
1242 1549 1336 1625 τινός·

239 1653 308 1718 ἀλλ’
323 1653 396 1717 οὐδὲ
414 1656 572 1735 βελτιόνος
593 1649 751 1739 ἢφαύλου
774 1653 870 1737 λόγου
891 1653 945 1717 έπί
961 1652 1136 1736 τέσσαρσιν
1157 1647 1242 1724 ὅλοις
1255 1649 1338 1733 μησὶ

206 1765 228 1821 Β
237 1754 407 1840 μετέδωκε,
442 1753 523 1838 πλὴν
545 1752 593 1819 ότι
611 1757 672 1818 *τοῦ
696 1759 768 1818 νέου
792 1757 950 1836 βασιλέως
971 1753 1152 1834 έξτπότηδτς
1177 1749 1337 1836 ὁσημέραι

236 1863 302 1932 τοῖς
322 1855 499 1937 βασιλειόις
522 1854 578 1920 καὶ
602 1851 682 1936 ύτιὲρ
702 1853 737 1919 τό
764 1854 836 1919 δέον
856 1856 1180 1937 προσκαρτεροῦντας,
1212 1851 1297 1937 δρῶν
1318 1847 1374 1914 διδ

235 1953 387 2040 βασιλεύς
405 1958 461 2038 τῆς
483 1958 695 2040 προσεδρεόας
714 1955 771 2038 τὴν
792 1953 956 2038 ιῖκαιριάν,
991 1949 1100 2036 οἵσπερ
1122 1951 1176 2016 ὕπ’
1201 1952 1336 2038 ἀνάγκης

237 2057 490 2144 συνωθούμενος,
511 2054 653 2144 »ἄπελθε
673 2055 785 2122 λοιπόν
800 2053 882 2140 πρός
900 2053 955 2138 τὴν
975 2052 1035 2138 σὴν
1053 2054 1178 2120 σι’κιάν”
1190 2053 1337 2142 έλεγιιτηδ

237 2157 365 2242 έγγόνῳ,
386 2157 487 2241 μηδέν
508 2181 538 2221 τι
560 2159 671 2224 τούτου
697 2157 883 2244 προστιθεῖς
904 2156 1010 2220 πλέον.
1034 2154 1070 2218 ού
1092 2153 1156 2238 μὴν
1180 2151 1263 2218 ἀλλὰ
1281 2152 1338 2217 καί

236 2255 318 2338 μετὰ
338 2259 400 2319 τῶν
420 2261 477 2339 τῆς
499 2258 675 2343 συγκλήτου
699 2258 754 2323 καί
768 2259 831 2322 τῶν
852 2259 885 2322 έν
898 2257 1059 2338 ἀξιώμασι
1078 2257 1135 2319 τοῦ
1150 2253 1224 2318 νέου
1241 2256 1337 2334 βασι.

236 2359 373 2443 λέωςτηῖ
384 2357 502 2444 πόππιρ
521 2359 770 2441 παρισταμένου,
795 2357 937 2423 οὐδέποτ’
950 2355 1105 2441 ἐπέτρεψε
1121 2355 1374 2438 καθεσθῆναι,λο

237 2458 318 2541 πρός
340 2462 374 2525 δὲ
393 2460 465 2535 τούς
478 2456 595 2536 ἄλλους
608 2464 663 2543 τῆς
673 2460 847 2545 ἐπιτροπῆς
860 2458 1035 2545 γινομένης,
1057 2456 1243 2541 όξόνόγκης
1259 2457 1337 2519 ἑκα-

236 2560 348 2641 θέζετο
371 2562 426 2627 καί
451 2560 554 2639 αὐτὸς,
577 2563 702 2627 πόντων
724 2563 805 2645 πρός
825 2560 921 2626 αύτδν
938 2560 1085 2646 δρώντων
1101 2562 1157 2624 καί
1177 2566 1243 2637 τοῖς
1264 2558 1339 2622 νεύ-

236 2685 319 2745 μασι
342 2662 529 2746 δηλούντων,
550 2659 592 2738 οἷς
614 2657 681 2725 ούδ’
704 2658 744 2725 όν
766 2662 857 2727 αύτοί
878 2665 1070 2727 καθεσθεῖεν
1091 2654 1259 2744 ἑστηκότος
1277 2657 1336 2723 αύ-

237 2764 304 2825 τοῦ·
327 2760 345 2826 δ
369 2758 407 2845 dr}
428 2762 483 2827 καί
503 2764 626 2845 μᾶλλον
643 2760 698 2827 τὸν
721 2762 792 2827 νέον
814 2762 928 2830 ἔδακνε
945 2760 1092 2844 βασιλέα,
1118 2759 1162 2839 αἷς
1179 2762 1235 2826 καί
1256 2758 1337 2844 πρός

208 2858 295 2939 θοός
316 2856 383 2944 εἶχε
401 2861 538 2949 θαῤῥεῐν
557 2862 668 2948 λέγειν,
690 2862 733 2939 ὥς
754 2865 902 2946 βούλοιτο
911 2865 968 2929 τοῦ
980 2866 1094 2950 κυρόου
1106 2862 1163 2929 καί
1178 2862 1377 2946 βασιλέως25

309 2992 352 3049 25.
371 2994 449 3064 Vuig.
470 2993 540 3047 maie
558 2996 669 3047 inverso
690 2998 787 3049 ordios
804 2995 896 3065 λέγειν
913 2993 1039 3067 δαβριῖν.

239 3140 393 3195 οΙοόοτιιιιι
413 3140 465 3193 boo
486 3157 561 3207 vero,
582 3145 646 3211 quia
666 3160 726 3196 enrn
746 3158 818 3194 nunc
835 3150 1018 3205 removerent,
1037 3141 1204 3211 qnemprina
1221 3141 1339 3192 invitas-
1403 3206 1406 3213 Ι

239 3219 306 3275 sont,
327 3221 353 3264 et
372 3213 404 3266 ad
426 3230 564 3265 numeram
584 3230 660 3265 suum
679 3215 847 3281 allegissent,
867 3215 970 3281 quique
993 3214 1025 3265 ad
1040 3214 1197 3265 discrimina
1217 3226 1339 3263 eommu-

238 3286 310 3336 oiter
328 3284 451 3336 adeunda
468 3290 615 3352 promptam
633 3292 661 3335 et
679 3285 796 3336 alacrem
817 3286 897 3337 animi
916 3284 1082 3336 volontatem
1100 3284 1247 3335 attulissetr
1271 3282 1339 3334 baee

240 3357 324 3423 igitur
349 3355 532 3423 reputantibus
558 3354 668 3423 placuit,
699 3357 793 3408 divion
818 3356 938 3407 bonitate
964 3357 1088 3418 confisos,
1122 3371 1180 3407 earn
1205 3354 1339 3405 nonnulla

240 3428 394 3493 suspicione
414 3428 540 3495 periculi,
562 3424 596 3478 ob
616 3428 702 3478 maius
725 3426 835 3491 bonum,
855 3428 1053 3492 adrianonottn
1076 3429 1165 3494 potina
1182 3426 1337 3477 decernere.

240 3496 326 3551 Finita
346 3498 547 3551 deliberatione
566 3514 672 3551 sensum
693 3514 768 3549 suurn
797 3500 984 3566 protostratori
1004 3501 1132 3563 indicant,
1158 3500 1203 3566 qni
1228 3497 1337 3548 adrem

240 3570 452 3638 aggrediendam
474 3570 634 3622 mirabiliter
653 3570 793 3631 excitatus,
811 3572 955 3636 semetipso
976 3571 1068 3622 evadit
1088 3572 1214 3623 erectior.
1235 3566 1267 3619 Et
1285 3568 1338 3619 bo-

240 3656 295 3691 rum
319 3642 427 3710 quidem
451 3642 582 3703 eiusmodi
609 3642 730 3694 conditio
750 3643 810 3694 init.
836 3642 934 3693 Senior
958 3648 1043 3693 antem
1063 3644 1205 3709 imperator
1227 3640 1340 3692 iraena-

240 3712 284 3764 dia
304 3716 421 3778 percitus
441 3714 467 3763 in
493 3720 628 3779 nepotem,
656 3729 743 3780 neque
763 3715 791 3763 in
817 3714 875 3765 dies
898 3713 1024 3779 singulos
1049 3714 1081 3765 ad
1100 3730 1130 3765 ae
1155 3713 1340 3779 ventitantem,

241 3784 448 3835 recedentemve
467 3784 637 3848 salutatione,
656 3800 745 3852 neque
764 3787 827 3836 totis
846 3791 961 3853 quatuor
973 3784 1109 3837 mensibus
1127 3782 1184 3834 niio
1206 3782 1250 3835 vei
1271 3786 1340 3837 dex·

240 3861 293 3917 tro,
315 3853 357 3906 vei
378 3855 488 3905 sinistro
508 3870 631 3908 sermone
651 3856 772 3923 dignari:
793 3858 845 3908 nisi
866 3858 938 3925 quod
959 3859 1045 3909 eodo
1065 3856 1341 3909 industriacitrade·

242 3940 334 3978 corum
355 3926 477 3993 qnotidie
502 3926 629 3993 palatium
655 3927 784 3992 obeunte,
813 3930 991 3995 importunam
1016 3928 1197 3979 assiduitatem
1222 3928 1340 3987 intuens,

241 3996 328 4049 vetuti
342 3998 369 4048 ri
383 3998 531 4049 adactusin
544 3998 612 4050 banc
626 4014 721 4051 vocem
736 4000 882 4068 aliqnando
895 4002 996 4067 erupit,
1014 3998 1091 4051 nulio
1104 4006 1244 4067 praeterea
1255 3999 1340 4052 verbo

238 4068 347 4119 addito:
368 4066 445 4120 biane
464 4070 502 4121 da
520 4078 613 4122 cetero
638 4072 710 4122 domi
732 4080 803 4122 tuae.
828 4070 904 4124 Enim
925 4086 990 4123 reto
1008 4086 1058 4123 nec
1083 4088 1143 4123 eant
1169 4069 1341 4123 senatoribus

241 4140 298 4191 suis
317 4145 344 4190 et
363 4140 571 4207 magistratibus,
591 4140 643 4194 sibi
666 4144 832 4195 assistentem
851 4158 968 4211 aoqnanr
986 4143 1081 4195 sedere
1101 4144 1194 4205 insait;
1213 4143 1259 4193 sed
1279 4139 1342 4192 aliis

244 4211 302 4263 eius
322 4211 394 4272 iussu
417 4211 630 4279 considentibus,
651 4215 710 4281 ipse
729 4228 840 4282 quoque
858 4216 1009 4267 necessario
1030 4214 1197 4276 considebat,
1217 4213 1341 4265 omnibns

242 4282 274 4333 ad
295 4280 371 4335 iilum
397 4284 615 4352 respicientibus,
643 4292 823 4371 quassatoque
843 4286 931 4353 eapite
957 4286 1184 4354 significantibus,
1200 4300 1231 4337 se
1254 4290 1341 4335 stante
