3025 4900
426 227 710 298 annuntianti
738 237 781 295 ιι.
808 243 856 304 22
928 250 933 278 ·
1110 206 1197 320 439

119 389 316 472 κατηγορίαν·
335 383 551 469 ,Συργιόννης
571 378 698 449 ούτοσι”’
718 383 817 468 λέγων
829 374 878 468 „ui
892 386 1023 474 βασιλεύ
1032 434 1043 468 ,
1063 382 1121 470 τὴν
1138 389 1223 472 rigat
1236 393 1264 446 a
1276 397 1342 451 atto

118 482 250 570 ἑσπέρας
265 477 369 569 ἇρχην
384 483 655 566 ἐπιτετραμμένος,
676 486 789 567 πρῶτα
805 487 865 565 μὲν
880 484 1013 548 ἐποιεῖτο
1030 481 1083 548 διό
1098 507 1198 549 σπου-
1363 511 1367 516 ·

120 585 175 668 όῆς
190 581 245 646 καί
257 577 349 667 ἔργον
365 573 407 664 ἦν
425 580 510 667 αὐτῷ
526 581 588 646 τῶν
604 581 726 646 πάντων
745 581 1088 665 περισαοοδαστότατον
1111 579 1198 648 ἑται-

25 705 27 718 ·
118 683 205 765 ρείαν
225 681 449 763 συστήσασθαι
463 675 536 762 περί
553 675 652 744 αότόν
668 679 724 744 καί
741 678 878 762 πάντας,
900 682 930 744 εί
953 676 1093 759 δύναιτο,
1114 682 1199 770 adegi
1251 685 1258 704 “

23 765 29 898 ζ
100 783 224 848 instaur
243 780 411 864 προσέχειν
433 779 488 841 καί
505 777 539 842 ἐν
555 787 619 853 τοῖς
638 777 778 859 μάλιστα
802 782 866 844 τῶν
881 778 982 865 priore
996 767 1091 858 όγειν.
1109 777 1197 861 ἡμεῖς

118 879 151 944 δὲ
174 875 362 942 τὰτοιαῦτα
381 872 512 962 όρῶντες
527 877 665 958 μάλιστα
686 877 720 941 ἕν
737 885 809 954 ταῖς
828 883 966 964 οίρχοῖς,
987 873 1121 956 οἰόμενοι
1134 875 1222 948 ari-c

22 963 26 998 ¹
115 973 170 1042 τόν
187 975 280 1060 δόξης
296 975 514 1056 ἐπιθυμοῦντα
528 978 584 1040 καί
595 975 746 1056 ἐπαίνων,
768 977 813 1052 εἷς
831 973 855 1040 o‘i
872 973 1013 1058 μάλιστα
1032 971 1201 1056 ἐπτόηνται

21 1059 25 1096 ¹
116 1074 146 1138 oi
164 1076 325 1150 δοκοῦντες
339 1073 504 1156 εύτυχεῖν,
525 1079 591 1148 τοῖς
608 1072 763 1150 τοιούτοις
776 1072 985 1158 ἤσχολῆσθαι,
1006 1070 1201 1152 ἐποιούμεθα

20 1163 24 1192 ”
115 1171 155 1236 τό
173 1171 369 1259 πραττόμενα
385 1177 445 1236 otiu
464 1171 498 1236 όν
516 1173 625 1260 δεινῷ·
655 1171 699 1248 ὥς
715 1174 750 1238 δὲ
769 1174 827 1237 τού
849 1172 968 1258 χρόνον
996 1171 1200 1256 τριβομένου,

18 1259 21 1292 “’
80 1266 176 1354 ιοτην
194 1271 228 1334 ἕν
244 1279 308 1348 τοῖς
331 1269 484 1348 τοιούτοις
503 1268 643 1355 σπουδήν
656 1271 754 1353 μείζω
772 1273 831 1336 τού
848 1267 1056 1356 προσήκοντος
1077 1273 1200 1352 γινομέ-

17 1357 20 1392 '
114 1393 172 1454 νην
193 1365 362 1456 ἑωρῶμεν,
382 1364 570 1434 όποπτεύειν
586 1366 697 1456 ἐπῄει,
725 1369 771 1454 μὴ
789 1368 867 1452 ούχί
883 1368 1023 1445 εύόοξίας
1046 1370 1135 1431 ἕνεκα
1159 1363 1199 1430 τό

17 1459 19 1478 ’
114 1471 248 1534 τοιαῦτα
266 1463 363 1534 αότόν
375 1467 568 1551 ἐπιτηδεύειν
577 1517 592 1546 ,
613 1463 693 1532 itte
707 1491 791 1544 τινος
804 1460 914 1555 ἑτέρου
938 1467 1035 1552 χάριν
1060 1459 1201 1550 ύπορῥη-

117 1569 256 1650 τοτέροο,
275 1565 330 1630 καί
347 1563 580 1652 περιεργότερον
597 1570 809 1652 προσείχομεν
827 1575 892 1642 τοῖς
904 1568 1083 1650 γινομένοις.
1102 1563 1146 1638 ὥς
1163 1566 1201 1627 di

116 1659 302 1728 τὰτοιαῦτα
326 1665 496 1748 ἐρευνῶσιν
511 1662 681 1749 ἐμηνύετο,
702 1664 746 1740 ὥς
761 1665 836 1730 οὐδὲ
857 1665 961 1739 ἁπλῶς
983 1666 1038 1728 καί
1055 1657 1200 1748 όπεριὲρ-

15 1770 16 1779 ’
79 1764 181 1841 15γως
205 1761 238 1826 αἱ
260 1763 365 1846 φιλίαι
381 1763 526 1845 γίνωνται
546 1765 609 1827 τῶν
632 1766 868 1844 συνισταμένων
885 1760 962 1848 πρός
983 1761 1100 1843 αύτόν,
1134 1762 1202 1824 ἀλλ’

117 1851 221 1942 ὅρκοις
239 1859 386 1926 όίδοντων
401 1865 525 1938 πίστειςΙ
538 1859 673 1948 ι’σχνροὶς
690 1864 745 1926 καί
753 1860 981 1946 λαμβανόντων
996 1862 1073 1946 παρ’
1088 1855 1200 1941 αύτοῦ,

115 1956 180 2020 τότ’
192 1952 253 2044 ἤδη
276 1961 309 2024 ἐν
325 1957 443 2025 πλείονι
463 1951 543 2045 ἦμεν
559 1957 682 2050 inopte
706 1963 763 2026 τοῦ
779 1959 901 2045 μεγόλα
922 1958 994 2025 τινα
1015 1964 1195 2044 κακουργεῖν
1201 1976 1228 2029 n

115 2051 225 2139 αύτόν,
245 2055 302 2121 καί
320 2057 393 2134 τούς
413 2051 527 2144 όρκοος
548 2061 601 2146 ἐφ’
621 2059 742 2137 ὁποίοις
761 2062 901 2144 γίνονται
920 2060 1059 2144 οἶκριβῶς
1076 2060 1202 2142 διηρεύ-

115 2157 228 2236 νοῖμεν.
269 2157 420 2240 ἐμηνύετο
445 2161 475 2221 d’
499 2155 556 2220 ὕπ’
575 2158 683 2223 αότῶν
707 2161 770 2222 τῶν
789 2158 830 2223 τό
851 2161 984 2224 τοιαύτα
1004 2154 1203 2236 συνειδότων,

8 2255 9 2260 ’
75 2251 158 2330 νοός
175 2256 303 2340 πρῶτον
322 2257 382 2335 μὲν
401 2253 534 2335 γίνοιντο
555 2253 584 2318 οἱ
605 2250 694 2339 όρκοι
714 2254 769 2320 ἐπί
786 2260 828 2343 τῷ
849 2253 968 2328 αύτούς
989 2255 1101 2340 priore
1122 2248 1203 2318 εἶναι

115 2350 295 2438 Σοργιόννη
312 2352 366 2414 καί
385 2346 481 2414 αύτόν
503 2350 633 2432 αὐτοῖς,
661 2351 716 2415 καί
734 2350 775 2416 τό
795 2351 979 2416 σονούτοντα
999 2351 1144 2436 ἀλλήλοις
1166 2355 1203 2416 ἐκ

115 2446 236 2525 παντός
257 2449 371 2534 τρόπου
393 2447 542 2533 πράττειν
562 2443 736 2535 ἑκατέρως·
756 2446 865 2515 ἔπειτα
885 2443 925 2515 όν
947 2454 1054 2537 συμβῇ
1068 2449 1203 2534 βασιλέα

115 2544 224 2637 τρόπῳ
253 2546 292 2631 δή
320 2571 381 2613 τινι
408 2546 610 2631 τελευτῆσαι,
637 2546 682 2633 μὴ
712 2550 844 2615 ἕκαστον
863 2552 915 2637 ἐφ’
936 2546 1051 2621 ἑαυτοῦ
1073 2544 1133 2629 ό,τι
1163 2546 1203 2613 όν

117 2646 194 2733 δοκῇ
215 2653 362 2712 συνοῖσον
378 2645 536 2733 πράττειν,
556 2646 637 2713 ἄλλό
651 2651 738 2736 κοινῇ
753 2654 979 2731 σκεψαμένους,
994 2648 1034 2713 τό
1051 2651 1203 2711 δοκοῦντα

117 2805 235 2866 petent,
264 2800 462 2851 accusationem
480 2798 518 2851 aio
538 2796 639 2851 ordiri:
676 2800 837 2869 Syrgiannee
855 2798 913 2863 bic,
941 2801 1103 2867 imperator,
1128 2798 1201 2848 ocei-

118 2866 198 2921 denti
220 2870 391 2938 praelectua,
417 2871 534 2937 primum
578 2869 670 2921 uidem
697 2868 819 2923 etudioae
845 2870 913 2921 lecit
937 2878 1021 2938 atque
1048 2869 1122 2919 omni
1148 2883 1201 2935 ope

118 2938 286 3001 elaboravit,
313 2946 344 2989 ut
361 2939 519 2991 sodalitium
537 2888 591 2991 eibi
610 2940 790 2993 constitueret
805 2956 852 3001 ac,
880 2942 903 2991 ri
922 2948 1030 3006 poaret,
1055 2954 1149 2989 omnee
1167 2953 1201 2987 eo

118 3008 292 3078 impelleret,
319 3009 362 3059 uti
380 3027 408 3061 ee
427 3008 462 3061 ad
480 3011 568 3079 iprum
586 3010 757 3079 applicarent
774 3018 803 3062 et
821 3011 893 3061 inter
912 3009 1087 3061 amicissimor
1104 3022 1201 3058 nurne-

119 3087 220 3131 rarent.
267 3078 351 3149 Quod
376 3095 437 3133 eam
462 3097 478 3132 a
506 3080 641 3149 principio
667 3083 758 3133 atatim
783 3080 954 3142 videremur,
987 3078 1112 3129 arbitrati
1139 3092 1202 3127 euna

119 3148 224 3215 gloriae
248 3148 416 3219 laudumque
440 3148 592 3217 eupiditate
613 3152 697 3220 (quae
715 3150 840 3202 hominen
858 3149 933 3201 beati
951 3150 1097 3218 praecipue
1114 3145 1202 3197 admi-

121 3228 219 3271 rantur
246 3228 274 3272 et
298 3217 509 3289 obstupeacunt)
535 3220 583 3271 irti
601 3222 773 3289 occupationi
792 3238 821 3272 ιο
838 3219 959 3282 dedieee,
989 3234 1046 3271 rem
1062 3214 1137 3268 haud
1156 3218 1202 3267 in·
1282 3252 1288 3261 .

121 3286 204 3358 digne
224 3289 385 3342 ferebamur.
424 3290 496 3342 Cum
516 3299 607 3343 autem
625 3299 746 3361 tempore
766 3290 931 3360 procedente
948 3290 1007 3340 eius
1026 3289 1054 3338 in
1075 3286 1118 3338 hie
1136 3284 1204 3337 dili·

122 3361 242 3425 gentiam
261 3362 332 3410 ultra
350 3376 381 3411 ae
403 3376 466 3411 num
486 3378 605 3414 ereacere
623 3362 841 3425 observarem,
859 3358 959 3412 incidit
974 3357 1054 3409 nobie
1073 3357 1201 3423 euspicio,

122 3444 181 3481 non
207 3428 325 3499 gloriae,
352 3378 401 3481 aed
428 3431 578 3499 cuiuspiam
606 3431 762 3484 occultioria
785 3434 826 3484 rei
846 3429 983 3483 deriderio
1007 3428 1037 3478 in
1060 3426 1113 3477 hoc
1139 3442 1201 3477 eum

119 3514 234 3565 operam
253 3516 369 3569 ponerer
394 3508 422 3552 et
439 3503 589 3553 accuratius
607 3500 641 3553 ad
663 3520 694 3555 ea
711 3518 781 3573 quae
798 3501 971 3571 agitabantur
988 3495 1203 3553 attendebantur.

122 3566 159 3619 Ut
177 3586 242 3642 vero
261 3570 371 3637 negotio
390 3568 515 3637 indagato
534 3574 727 3639 comperirent,
753 3580 924 3641 aggregantes
946 3586 975 3619 re
992 3568 1027 3617 ad
1048 3568 1126 3620 illum
1144 3583 1201 3617 non

121 3637 276 3689 inconsulte
293 3640 323 3691 iu
340 3639 486 3690 amicitiam
504 3642 607 3709 recipi,
625 3640 672 3691 red
690 3640 772 3693 fidem
790 3658 867 3693 auam
883 3641 1033 3692 iuramento
1051 3638 1199 3705 astringere

123 3708 270 3777 ipeumque
290 3709 408 3760 vicinior
426 3726 499 3759 auam
517 3710 574 3761 illie
590 3720 754 3763 sacramento
776 3712 913 3780 obligare,
939 3716 996 3761 tum
1018 3707 1098 3759 nobie
1121 3714 1202 3757 uncta

122 3786 166 3829 eat
183 3779 319 3845 rurpicio,
337 3778 475 3831 bominem
495 3796 591 3849 magna
607 3780 740 3850 quaedam
760 3782 861 3833 reelera
876 3780 983 3841 moliri,
1000 3778 1200 3847 diligenterque

124 3846 296 3901 eonditiouee
314 3857 343 3901 et
365 3850 453 3917 eapite
478 3849 507 3901 in
528 3868 598 3921 quae
615 3852 733 3903 iuratum
751 3858 837 3913 earet,
866 3850 1064 3920 inquisivimue.
1099 3847 1200 3898 Narra-

122 3913 205 3968 batur
233 3926 323 3971 autem
349 3935 366 3968 a
390 3920 519 3984 consciie,
553 3922 667 3990 primunr
697 3922 801 3973 iuratae
830 3921 972 3989 Syrgianni
998 3919 1148 3971 amicitiam
1172 3923 1201 3966 et

123 3984 299 4055 Syrgiannern
317 3990 388 4049 illie,
406 3997 434 4039 et
454 3990 616 4043 omnimodia
635 3992 754 4043 interae
772 3991 934 4060 prolatatur.
970 3989 1078 4041 Deinde
1094 3989 1117 4037 ei
1131 3984 1201 4054 quid

123 4056 282 4125 imperatori
299 4056 456 4113 humanitus
472 4063 645 4131 contigiaret,
664 4078 720 4113 uon
737 4077 957 4132 unumquemque
972 4060 1046 4131 quod
1063 4058 1117 4109 sibi
1132 4072 1200 4107 con·

122 4124 245 4183 docibile
265 4137 427 4200 appareret,
445 4130 494 4185 red
511 4148 581 4203 quae
598 4138 662 4203 port
679 4146 849 4185 communem
865 4130 1090 4185 deliberationem
1109 4123 1200 4193 Syrti·
