3025 4900
368 327 371 332 .
432 280 714 346 utsrourarum
743 287 768 345 ι.
798 288 848 352 aa.
1110 275 1203 366 ¹¹7'

112 432 167 499 καί
183 435 375 518 προμηθείας
393 456 429 498 τε
448 435 504 498 καί
521 437 634 519 τιμῆς,
653 436 777 498 πολλάν
798 432 934 516 ἀμοιβάς
953 428 1081 514 άγαθάν
1095 425 1187 517 stipo-
1194 435 1254 493 AC.
1270 441 1331 494 1321
1352 399 1356 416 ι

111 558 170 612 μαι
190 534 232 617 τῷ
256 537 386 612 βασιλεῖ
401 535 458 596 κατ’
477 533 542 619 ἐμῷ
562 530 677 620 ἐγγόνιμ
697 530 782 618 παρά
804 535 899 613 θεοῦ,
934 529 972 594 osi
992 531 1091 614 μόνον
1111 534 1189 597 κατά

111 629 167 695 τόν
184 632 259 716 τῇδε
272 633 363 711 βίον,
381 628 462 693 east
482 629 538 694 καί
555 637 622 696 κατ’
639 634 756 696 ἐκεῖνον
772 629 827 695 τόν
842 625 1050 715 άτελεότητον.
1093 627 1139 694 ἔτι
1154 632 1191 696 δέ

110 751 164 807 μοι
185 725 239 791 κατ’
255 725 434 808 θαυμάζειν
454 725 555 793 ἔπεισι
575 728 831 816 conquireres
849 729 936 816 αὐτῷ
949 731 1007 793 τοῦ
1022 721 1123 813 ἤθους
1136 729 1189 794 καί

94 823 168 911 5τη“ν
187 823 347 910 εόθότητα
366 827 424 890 τοῦ
442 824 559 912 τρόπου
590 831 646 892 καί
671 825 707 892 τὸ
727 825 807 913 πρός
825 825 864 892 τά
884 824 963 891 καλό
983 825 1121 912 βεβηκός,
1142 821 1191 892 ότι

110 926 177 998 νέος
196 917 242 987 τόν
262 922 317 987 καί
330 922 479 1005 βασιλεός
498 926 553 989 καί
568 923 656 1012 παρά
675 924 754 990 naid
788 928 850 990 τάν
871 924 1048 990 ἀντιπάλων
1077 933 1275 1011 saepe-Vbii

109 1018 227 1104 τηκώς,
248 1023 282 1100 ἐξ
301 1011 348 1086 ὧν
367 1021 450 1097 εἰκός
469 1015 513 1107 ἦν
531 1021 611 1110 πρὸς
630 1026 812 1110 φιλοτιμίαν
827 1026 1007 1108 ἐπαρθῆναι
1021 1024 1075 1087 καὶ
1085 1047 1189 1110 φυση-

111 1123 207 1205 atvar
239 1125 294 1186 καί
329 1114 353 1205 ἢ
380 1121 694 1209 άμνωμονῆσαιιπερί
722 1120 827 1207 ἧμάς,
856 1115 898 1210 ἢ,
924 1121 1008 1206 τόγε
1028 1123 1213 1210 satrapeae

110 1217 188 1304 άπερ
210 1216 377 1307 ᾗτοόμεθα
397 1218 493 1285 αότοί
517 1223 694 1304 ποιήσαντα,
708 1219 853 1308 φανερά,
882 1215 950 1286 εἶτα
970 1214 1048 1306 άπερ
1070 1212 1184 1305 ἤθελεν

79 1316 206 1393 ιοαάτός
225 1320 440 1404 χαράτασθαι,
462 1321 514 1383 ἵνα
533 1321 729 1402 θαυμάζοιτο
748 1319 836 1406 παρά
856 1318 989 1385 πάντων·
1012 1318 1030 1384 ό
1051 1322 1082 1384 δ’
1102 1319 1207 1385 ἐποί-Ι

108 1443 162 1505 ησε
179 1422 327 1485 τοιοῦτον
347 1419 460 1501 οόδὲν,
489 1417 571 1484 άλλά
590 1416 664 1495 τεός
681 1420 741 1500 μὲν
761 1417 860 1501 sputa
879 1417 990 1501 λόγους
1010 1418 1189 1504 διετήρησεν

110 1523 142 1584 ἐν
160 1516 288 1605 όδήλιρ,
308 1510 437 1593 οόδενός
455 1514 622 1601 ἐγνωκότος
642 1511 750 1604 ἑτέρου
771 1515 853 1602 πλην
871 1521 929 1583 τοῦ
943 1515 1079 1601 μεγάλου
1096 1519 1189 1597 δεμε-

110 1617 211 1681 στάωυ
230 1613 353 1697 μόνου·
382 1610 477 1693 αότός
507 1619 544 1682 δὲ
574 1613 651 1691 τοός
670 1613 782 1698 λόγους
801 1617 937 1692 συνετῶς
962 1608 1043 1700 άμαν
1063 1619 1119 1682 καί
1137 1637 1188 1678 τιο-

111 1712 206 1794 σμίως
233 1711 459 1797 οἰκονομήσας,
493 1713 610 1798 διπλὴν
637 1714 716 1799 ἡμῖν
740 1718 891 1780 κατέθετο
919 1711 977 1799 τὴν
1002 1717 1117 1800 χάριν,
1148 1713 1197 1788 οδΙ

80 1813 199 1894 ι5μόνον
217 1811 267 1894 τό,
282 1813 339 1898 τῆς
348 1811 513 1894 Ῥωμαίων
528 1811 817 1898 ἧμεμονίαςπάσης
835 1806 896 1900 ἤδη
914 1809 993 1899 πρός
1011 1809 1108 1876 αότὸν
1122 1815 1188 1876 ιιλι-

111 1911 237 1995 ιοόσης,
259 1913 356 1995 μέρος
374 1913 434 1992 μέν
451 1935 482 1975 τι
510 1911 785 1996 παραιιατασχεϊν,
802 1913 857 1996 τῆς
885 1913 993 1996 λοιπῆς
1014 1912 1045 1974 δ’
1066 1906 1189 1992 ἁπάσης

111 2007 182 2093 ἡμῖν
198 2011 445 2094 παραχωρῆσαι,
466 2007 548 2074 άλλά
564 2011 619 2073 καί
636 2011 678 2096 τῷ
697 2011 772 2095 μηδ’
792 2004 891 2087 οὕτως
909 2012 954 2086 εἰς
973 2003 1080 2075 στενόν
1099 2029 1188 2088 aopi·

114 2111 147 2197 δῇ
164 2107 204 2172 τά
225 2107 369 2193 ἡμέτερα
396 2107 569 2191 ἔληλαιιότα
595 2109 811 2194 διαπομπεῦσαι
836 2111 980 2194 θελῆσαι.
1020 2109 1054 2184 ἐξ
1069 2095 1114 2171 ὧν
1130 2105 1234 2188 ἐμὲΙ)Ι

113 2213 280 2272 πεπείσθω
303 2207 414 2292 σαφῶς
436 2208 626 2290 συμβαίνει,
656 2203 700 2282 ὥς
717 2202 795 2270 εὗδ’
822 2204 907 2290 ἴχνος
926 2204 1188 2293 καταφρονήσεως

81 2309 160 2374 sciui
174 2309 253 2372 νοῦν
269 2295 367 2388 ἦλθεν
377 2304 465 2392 adrui
482 2305 684 2383 ἐνδείξασθαι
695 2307 740 2380 είς
753 2305 822 2386 ἐμὲ,
843 2297 926 2392 άλλά
948 2303 1006 2388 τὴν
1030 2305 1187 2388 προτέραν

114 2407 187 2469 aldai
203 2400 266 2468 καί
289 2402 456 2485 εὐλάβειαν
484 2402 653 2481 άποσώζει.
678 2404 775 2469 ἐκεῖνο
806 2405 841 2471 δὲ
862 2403 924 2488 οόχ
946 2397 1060 2490 ἥκιστα
1085 2408 1187 2485 λυπεῖ,

117 2500 160 2572 ότι
177 2504 220 2587 μη
238 2499 320 2588 πρός
334 2498 390 2587 την
403 2500 588 2589 παράληψιν
609 2504 676 2569 τάν
691 2496 811 2587 ὅρκων,
830 2506 954 2569 πολλῶν
974 2527 1010 2568 τε
1029 2505 1084 2568 καί
1108 2498 1187 2585 ‹iyn-

113 2604 175 2665 θῶν
188 2601 249 2665 καί
266 2602 331 2665 τάν
348 2606 421 2665 καθ’
440 2596 521 2682 αἷμα
542 2600 755 2687 προσηκόντων
774 2602 861 2690 αὐτῷ
876 2602 1032 2669 συνόντων
1038 2652 1048 2683 ,
1068 2598 1187 2667 τοότων

114 2705 166 2780 μὲν
178 2696 375 2765 trimatae»
393 2699 517 2780 οάδένα,
533 2699 589 2766 τόν
605 2702 640 2765 δὲ
661 2695 870 2785 Ἀπόκαυχον,
893 2694 1013 2785 άσημον
1029 2704 1088 2781 μὲν
1111 2690 1186 2764 dero

81 2796 212 2876 zitula}
231 2796 389 2882 σῖσὴμων,
409 2797 464 2863 καί
479 2791 566 2866 odiro
578 2801 657 2883 χθὲς
678 2799 733 2866 καί
747 2798 856 2885 πράην
869 2808 935 2875 τοῖς
949 2800 1011 2865 τάν
1026 2798 1185 2883 δημοσίων
1245 2844 1250 2855 .

113 2948 163 2991 tam
179 2948 221 2993 est
235 2939 387 3002 sollicitus,
407 2939 491 2990 multa
511 2940 538 2992 ei
557 2938 675 2989 vicissim
689 2938 763 2989 bona
780 2956 835 2990 non
856 2941 885 2990 in
913 2938 1106 2999 bectoritum,
1134 2952 1184 2987 rc·
1243 2945 1249 2955 “
1317 2914 1319 2928 ¹
1353 2930 1355 2937 '

115 3028 169 3065 rom
178 3013 261 3063 ctiam
280 3011 311 3060 in
324 3009 528 3061 illaimmortaii
549 3011 605 3061 vita
620 3026 636 3059 a
649 3008 708 3060 Deo
720 3024 881 3076 comprecor.
897 3006 1005 3058 Adhacc
1015 3007 1183 3061 moderatum

113 3082 166 3131 eius
182 3082 327 3151 ingenium
344 3078 497 3149 probosque
512 3094 600 3130 mores
623 3086 705 3149 utque
721 3079 751 3129 in
770 3079 844 3129 omni
869 3075 1011 3128 honestate
1028 3091 1182 3145 progressus

112 3148 238 3215 admiror3
262 3148 339 3219 quod
353 3151 458 3200 iuvenis
478 3156 507 3201 et
528 3151 674 3218 imperator
699 3148 841 3219 multoque
868 3145 1025 3199 adversariis
1046 3144 1182 3213 superior,

114 3220 180 3272 unde
202 3218 352 3291 probabile
373 3219 471 3283 flebat,
493 3220 644 3288 arrogantia
670 3220 772 3270 clatum
800 3216 1004 3288 tumidumque,
1028 3223 1075 3268 aut
1092 3216 1182 3284 iugra-

111 3296 164 3340 tum
182 3292 213 3341 in
228 3306 282 3343 nos
303 3290 441 3350 futurum,
459 3298 508 3341 aut
533 3297 606 3340 certe
624 3304 694 3358 quac
716 3304 766 3340 nos
792 3288 949 3355 petebamus
970 3285 1113 3356 evulgatis,
1132 3284 1182 3335 dc-

113 3358 172 3411 inde
188 3377 261 3430 quac
276 3360 331 3428 ipsi
346 3358 536 3412 collibuissent
551 3360 719 3428 largiturum,
738 3364 770 3409 ut
784 3358 838 3410 sibi
856 3356 1030 3425 plauderetur
1048 3354 1082 3407 ab
1093 3354 1181 3407 omui-

112 3428 173 3481 bus:
188 3430 262 3482 nihil
276 3428 375 3480 horam
388 3430 569 3498 perpetravit;
592 3429 640 3480 sed
652 3428 815 3498 petitionem
837 3444 924 3479 meam
945 3428 997 3477 uui
1015 3441 1111 3495 magno
1129 3424 1182 3475 do-

111 3500 217 3551 mestico
243 3501 386 3569 aperiens,
409 3498 613 3569 prudenterque
636 3515 667 3549 ac
690 3497 813 3551 modeste
841 3494 986 3549 admodum
1007 3493 1182 3565 respondens,

111 3567 244 3636 duplicem
259 3570 342 3621 nobis
361 3570 474 3638 gratiam
490 3570 638 3638 persolvit3
656 3586 713 3620 non
731 3569 818 3619 solum
834 3566 907 3639 quod
931 3568 1049 3617 Romano
1067 3566 1181 3633 imperio
1264 3598 1265 3603 =

112 3640 161 3689 iam
185 3647 246 3692 toto
270 3640 301 3691 in
318 3655 379 3690 eom
395 3640 560 3701 inclinante,
584 3646 687 3707 partem
701 3638 820 3699 retinet,
839 3637 975 3705 reliquum
1003 3652 1083 3687 omne
1101 3634 1182 3687 nobis

111 3708 193 3773 ccdit3
210 3724 305 3761 rernm
320 3710 413 3771 ctiam,
431 3709 506 3780 quod
521 3708 601 3759 rebus
615 3709 713 3759 nostris
729 3715 784 3758 tam
798 3704 971 3757 vehementer
986 3705 1182 3766 laborantibus,

111 3779 182 3829 nullo
196 3779 268 3830 fastu
286 3779 433 3833 insolescit.
462 3779 572 3849 Exque
588 3780 696 3847 penitus
711 3778 750 3828 ita
765 3778 863 3837 sentio,
881 3792 1017 3845 nunquam
1034 3774 1061 3825 ei
1074 3776 1181 3827 venisse

112 3848 138 3899 in
158 3858 295 3912 mentem,
319 3849 363 3901 vel
378 3850 536 3917 particulam
559 3848 755 3915 despicientiac
773 3847 858 3897 nostri
881 3862 945 3914 prae
969 3864 998 3899 se
1019 3845 1106 3896 serre:
1133 3842 1182 3894 aed

111 3920 289 3971 reverentiam
311 3934 343 3971 ac
364 3921 496 3986 pietatem
514 3919 654 3987 antiquam
670 3933 730 3985 erga
746 3932 796 3968 nos
817 3914 959 3967 custodire.
994 3912 1067 3966 Illud
1091 3920 1181 3965 tamen

110 3990 225 4040 maxime
239 3990 343 4040 cruciat
359 3990 495 4052 animum,
515 3988 590 4059 quod
606 4004 665 4040 eum
677 3984 749 4055 apud
764 4002 793 4037 sc
809 3986 900 4054 plures
915 3993 944 4038 et
958 3985 1058 4055 probos
1073 3990 1101 4034 ct
1118 4000 1182 4033 san-

112 4060 197 4124 guinis
225 4058 428 4111 necessitudine
451 4061 611 4119 corriunctos
636 4056 765 4117 haberet,
799 4073 848 4124 per
870 4073 937 4127 quos
963 4058 1140 4111 iuramentum
1165 4070 1181 4101 a

112 4128 187 4179 nobis
200 4130 351 4196 reciperet,
371 4127 467 4182 borum
485 4129 605 4189 nullum,
624 4127 672 4179 sed
685 4124 891 4194 Apocaucbum,
908 4124 1050 4176 obscurum
1072 4140 1114 4195 exv
1130 4120 1182 4171 ob·

113 4200 194 4252 acaria
213 4205 310 4253 natum
328 4200 419 4263 misit,
440 4202 488 4271 qui
508 4199 663 4268 nuperrime
681 4198 851 4249 exactionum
868 4194 1036 4248 coactoribus
1054 4192 1182 4261 scriptum
