3025 4900
492 295 588 360 ura
616 273 911 364 musciacas.
1138 299 1247 366 satu

25 501 26 508 κ
152 475 219 528 tum
235 461 279 526 da
292 485 351 528 suo
369 474 541 549 mmparm,
563 463 746 547 imperatore
759 465 831 526 vivo
853 473 1047 551 mortuoque,
1058 469 1179 550 scepsius
1201 470 1247 531 sc·

154 567 214 630 eit:
244 564 370 628 cautella
393 576 425 628 et
446 562 557 648 oppida
578 584 634 626 sua
645 565 776 647 pecunia
798 563 902 626 refecit
932 576 964 628 et
987 567 1180 648 instatuavit,
1202 568 1249 631 ei-

155 663 285 747 demque
317 666 496 747 imperatori
518 662 609 724 fimus
638 663 858 749 amplissimum
881 685 937 728 sua
956 667 1093 749 impensa
1112 671 1246 731 curavits

156 762 280 826 Aurum
295 763 379 846 quod
393 763 506 824 habere
520 764 612 846 gratis
626 775 745 845 poterat
759 767 950 846 contempsit.
992 766 1082 827 Pacis
1111 777 1143 828 et
1173 788 1249 828 con·

153 864 276 926 cordiae
298 865 367 947 quis
391 861 446 924 illo
468 861 629 946 cupidior?
651 863 727 942 Quis
747 862 886 924 barbaris
909 873 939 924 et
959 863 1127 926 idololatris
1146 867 1248 926 inimi-

156 963 246 1025 cior?
285 961 315 1024 N
317 959 357 1024 on
370 972 471 1044 potest
484 983 540 1044 pro
555 961 701 1045 dignitate
715 958 883 1024 collaudari
897 960 987 1027 huius
1000 965 1250 1047 praestantissimi

156 1061 303 1146 principis
334 1060 513 1124 admiranda
534 1045 662 1141 lenitas,
689 1073 720 1123 et
751 1061 792 1124 ad
823 1061 1032 1144 deponendam
1053 1063 1250 1126 offensionem

155 1163 338 1244 veniamque
356 1159 552 1222 tribuendam
572 1159 761 1243 suspicienda
786 1159 936 1248 facilitas,
967 1159 1183 1224 bmeficiorum
1203 1160 1249 1224 al-

156 1260 274 1322 tissima
288 1260 482 1339 recordatio,
507 1269 538 1320 et
551 1259 584 1320 in
605 1260 718 1343 gratiis
733 1258 855 1343 agendis
875 1262 1140 1323 commemoranda
1158 1261 1249 1324 sedu-

157 1355 237 1427 litas.
268 1358 383 1420 Omnia
406 1357 455 1420 his
466 1356 551 1421 libris
572 1357 739 1442 gratimrm
753 1358 922 1421 actionibus
935 1358 1046 1424 referta
1059 1371 1139 1422 suut.
1158 1361 1251 1422 Sum-

156 1477 208 1518 ma
230 1468 387 1541 praetuea
411 1459 444 1520 in
465 1457 593 1541 negotiis
614 1457 817 1541 procurandis
836 1457 1012 1542 diligmtia,
1037 1457 1255 1542 etvigilantia,

156 1557 310 1639 animique
322 1554 442 1639 religio.
464 1555 709 1620 Monacbismum
721 1560 843 1640 wantis
855 1560 1037 1642 pmoeoniis,
1056 1557 1141 1621 Deus
1156 1556 1250 1638 bouq

156 1667 190 1718 ct
203 1655 324 1740 quideru
339 1658 447 1736 toties,
475 1655 676 1720 cohonestat?
706 1678 741 1719 ac
756 1658 880 1720 huden
900 1659 966 1741 ipae
988 1659 1021 1721 in
1043 1660 1251 1741 Mangonense

154 1757 370 1818 monasterium
384 1775 481 1840 prope
495 1753 790 1842 Constantinopolim
808 1777 841 1820 se
866 1756 949 1820 ultro
984 1779 1020 1819 ao
1042 1757 1139 1820 libens
1151 1757 1252 1820 inclu-

153 1852 219 1934 dit,
247 1875 317 1918 orm
339 1857 501 1938 imperium
515 1859 646 1920 retinere
659 1859 820 1940 pontium,
841 1867 877 1919 ut
895 1857 1013 1920 videbis
1027 1856 1082 1920 lib.
1095 1855 1126 1936 4.
1166 1857 1252 1920 Tau-
1388 1897 1392 1905 -

153 1964 220 2016 urm
233 1954 339 2034 abest,
365 1964 400 2017 ut
422 1975 459 2030 eo
479 1956 579 2038 ipsum
603 1955 732 2018 loannes
747 1943 947 2040 Palaeologus
969 1959 1068 2021 victor
1089 1954 1246 2038 compule-

153 2055 218 2132 rit,
245 2052 329 2138 quod
350 2053 476 2138 qnidam
501 2053 592 2116 huius
613 2065 737 2118 nostrae
758 2053 903 2118 historiae
921 2054 1060 2118 funditus
1080 2056 1179 2138 ignari
1191 2075 1251 2116 nu·

155 2163 277 2236 gantur.
317 2153 435 2216 Coniux
448 2175 542 2238 porra
555 2155 643 2216 lrene
657 2156 690 2216 in
706 2156 902 2235 monasterio,
916 2175 936 2216 a
950 2153 1074 2226 Martha
1094 2153 1252 2217 Michaelis

152 2255 244 2335 primi
267 2251 441 2336 Palaeologi
462 2273 567 2315 sorore
587 2264 783 2331 constructo,
811 2252 992 2316 monacham
1011 2253 1122 2321 indarit.
1158 2245 1245 2316 ‘Pos-

149 2345 257 2429 μαίων
278 2363 313 2415 tu
341 2352 484 2438 quidem,
512 2342 582 2414 ἀλλ’
604 2349 644 2414 od
669 2345 853 2432 ‘Perusinis
868 2352 1022 2434 βασιλέα,
1042 2349 1167 2431 nuda,
1193 2355 1244 2414 in-
1377 2342 1381 2352 ’

154 2452 235 2535 qais.
278 2452 346 2537 Ego
362 2474 436 2517 veru
449 2456 541 2518 etiam
559 2451 728 2536 Agesilaus,
751 2449 961 2531 Alexandros,
977 2451 1084 2535 Iulios,
1102 2464 1134 2515 et
1147 2452 1259 2516 Pom·.

150 2552 256 2633 peius,
282 2552 416 2617 ethmcos
442 2564 473 2615 et
495 2550 690 2635 idololatras,
713 2572 803 2635 saepe
821 2550 970 2615 laudasis
988 2563 1019 2614 et
1032 2554 1175 2615 virurtem
1193 2552 1244 2615 vel

151 2651 184 2713 in
210 2651 299 2714 hoste
320 2650 500 2734 amabilem,
527 2652 651 2735 eiusque
672 2651 808 2735 exempla
826 2672 846 2713 a
865 2672 1067 2736 quocunque,
1090 2663 1121 2715 et
1142 2650 1242 2735 quati,-

150 2768 269 2835 ctmque
281 2751 427 2814 surnmda
439 2751 527 2815 nobis
541 2772 606 2815 esse
626 2752 785 2814 confirmo.
825 2750 884 2813 Est
896 2752 978 2820 euim
991 2750 1096 2815 eadem
1108 2770 1241 2834 semper,

150 2855 208 2911 nec
235 2852 297 2913 eius
318 2849 461 2935 splendor
482 2850 661 2915 immortalis
686 2852 864 2935 unusquam
877 2850 1017 2914 sordibus
1030 2861 1130 2935 potest
1148 2850 1240 2913 obso-

231 3048 412 3111 lncredibile
426 3062 594 3113 memoratu
617 3060 663 3113 est
674 3093 684 3129 ,
696 3060 828 3133 quantae
848 3050 913 3111 eius
926 3052 1053 3133 copiae,
1068 3048 1237 3131 facultates,

150 3150 254 3230 quanti
275 3150 422 3231 pecuniae
438 3149 573 3214 thesauri
595 3148 731 3229 suerint,
756 3147 929 3233 dequibus
949 3148 1043 3211 variis
1073 3146 1147 3210 locis
1174 3152 1239 3232 ipse

150 3248 329 3329 canimus,
354 3260 385 3311 et
407 3269 463 3332 ego
491 3251 593 3313 virum
621 3270 745 3333 gravam
779 3250 967 3332 vanitatique
991 3246 1236 3328 infensissimum

149 3346 189 3409 ad
202 3346 276 3411 haec
290 3351 380 3411 etiam
395 3349 587 3434 religiosum,
610 3351 732 3416 mentiri
744 3370 808 3411 nou
819 3359 907 3433 puto.
951 3345 1086 3426 Insulas,
1111 3347 1236 3431 oppida,

147 3446 270 3510 castella
290 3450 324 3511 iu
345 3449 454 3533 opibus
476 3450 539 3512 suis
559 3461 706 3513 recenset.
747 3448 916 3512 Pecuniam
936 3467 1030 3527 sans,
1056 3468 1152 3531 qaum
1173 3448 1235 3531 135-

147 3547 258 3625 santii,
286 3558 318 3611 et
338 3548 461 3611 inaliis
481 3548 610 3611 urbibus
630 3570 686 3633 per
705 3544 872 3613 Thraciam
885 3546 1235 3631 apud,amioosdoposi·

145 3654 211 3707 tam
224 3644 367 3728 babebat,
389 3668 444 3711 neo
458 3648 529 3731 ipsi,
555 3650 608 3731 qni
625 3647 752 3711 eandem
765 3649 975 3730 diripuertmt,
999 3648 1127 3726 inimici,
1142 3667 1235 3730 quam

144 3762 258 3827 magna
278 3758 376 3827 asset,
406 3768 463 3832 pro
485 3758 568 3809 certo
591 3750 711 3811 novisse
732 3758 906 3831 pomerum.
958 3746 1086 3826 Tritici,
1113 3744 1234 3824 hordei,

145 3842 289 3927 hugum,
309 3846 523 3931 fiucmrrmque
542 3847 658 3911 infinita
680 3847 725 3909 illi
739 3848 846 3931 copia,
870 3844 1104 3909 mnumerabiles
1124 3844 1235 3907 acervi.

145 3940 245 4005 B⁰t¹m
279 3946 465 4029 pascuarum
492 3959 632 4011 numerat
655 3948 790 4031 quinque
820 3946 935 4024 millia,
980 3956 1134 4007 aratorum
1164 3944 1235 4027 iuga

145 4038 250 4123 mille,
273 4066 367 4130 qaas
392 4047 547 4131 pascuales
574 4047 657 4109 malle
683 4049 885 4131 quingentas,
913 4043 1045 4107 camelos
1074 4042 1232 4120 ducentos,

146 4140 247 4207 mulos
270 4156 444 4227 trecentos,
471 4151 569 4213 miuus
591 4148 793 4232 quingentos,
817 4144 979 4231 paramum
1001 4144 1230 4229 quinquaginta,
1265 4130 1281 4145 ’
