3025 4900
254 1041 257 1046 ,
305 937 539 1050 mcom'
571 965 851 1046 rourum
883 965 1260 1052 ralerlrro.

681 1327 902 1346 m

245 1571 330 1698 Qui
350 1607 389 1671 de
406 1609 528 1670 Graecis
544 1611 577 1668 ln
597 1607 741 1668 Latinum
760 1619 938 1670 convertere
955 1608 1192 1691 aggredluntur,
1221 1622 1252 1671 et
1270 1612 1326 1672 bo·

245 1733 301 1772 nos
326 1713 486 1790 scriptores
515 1707 610 1770 veluti
635 1708 776 1767 mortales
807 1711 1001 1789 peregrinos,
1050 1719 1141 1790 atque
1166 1709 1205 1767 ab
1223 1714 1330 1772 exteris

247 1807 419 1890 regionibus
436 1807 526 1867 adse
541 1809 742 1883 ventitantes,
772 1806 904 1888 hospitio
926 1807 1099 1867 humaniter
1132 1829 1168 1868 ac
1201 1807 1331 1889 benigne

246 1909 414 1989 accipiunt,
451 1915 562 1990 eosque
578 1909 693 1988 patriae
716 1925 789 1966 suae
808 1904 961 1987 linguam,
989 1927 1111 1987 mores,
1141 1917 1172 1966 et
1193 1909 1331 1968 instituta

246 2007 355 2068 docere
375 2016 542 2085 conantur,
569 2025 631 2085 quo
655 2003 779 2084 (coum
802 2025 894 2086 quam
917 2004 992 2065 olim
1015 2005 1099 2066 civili
1123 2005 1332 2066 Romanorum

246 2106 313 2166 iure
340 2103 597 2188 permittebatur,
632 2123 688 2184 per
718 2103 801 2184 quod
825 2103 955 2164 duarum
979 2106 1136 2166 civitatum
1165 2106 1240 2166 civis
1267 2125 1333 2165 esse
1434 2082 1440 2106 ⁸

246 2223 337 2264 namo
357 2205 494 2287 poterat)
523 2207 555 2263 in
578 2213 732 2284 posterum
750 2223 813 2262 non
832 2205 933 2264 minus
955 2206 1036 2266 inter
1057 2204 1202 2282 Latinos,
1238 2223 1332 2285 quam

246 2304 326 2362 inter
348 2305 479 2364 Graecos
499 2301 632 2384 profiteri
655 2311 787 2384 queant,
820 2323 877 2362 nae
895 2303 941 2363 illi
956 2323 1068 2364 munus
1087 2324 1160 2364 sane
1175 2301 1330 2384 pulcrum,

246 2401 404 2481 utilitatis,
435 2401 688 2482 iucunditatisque
717 2399 861 2483 plenum:
905 2402 985 2463 addo
1011 2403 1122 2480 etiarm
1154 2403 1212 2463 nisi
1236 2403 1269 2462 in
1296 2419 1333 2461 eo

247 2502 489 2561 exercitationem
511 2504 572 2561 iam
604 2503 757 2582 ceperint,
795 2500 973 2583 impeditum
1009 2522 1044 2562 ae
1070 2490 1255 2568 laboriosum
1279 2520 1333 2581 ug·

245 2600 434 2680 gradiuntur.
477 2598 560 2678 Quid
585 2602 687 2678 enim,
709 2601 840 2682 arnabo,
862 2622 932 2663 cum
957 2604 1100 2662 universo
1122 2621 1231 2683 genere
1252 2598 1334 2659 litte-

246 2718 370 2778 rarum,
389 2711 458 2759 tum
472 2699 589 2761 duabus
609 2700 691 2761 hisee
711 2700 839 2783 linguis,
862 2703 978 2762 Graeca
1009 2700 1121 2762 scilieet
1151 2721 1188 2760 ac
1210 2701 1332 2774 Latina,

246 2800 356 2879 quibus
379 2800 521 2877 divinae,
549 2800 760 2883 humanaeque
776 2812 875 2880 artes,
905 2812 936 2861 et
957 2802 1099 2862 scientiae
1115 2820 1221 2861 omnes
1236 2799 1335 2858 conti-

246 2909 375 2975 nentur,
413 2897 618 2980 praeclarius?
667 2900 741 2981 quid
764 2900 952 2981 elegantius?
989 2922 1120 2982 quarum
1150 2900 1184 2959 in
1205 2908 1335 2975 utraque

248 3008 426 3077 versantur,
460 3000 512 3080 qui
533 2998 571 3058 de
592 2996 687 3059 altera
706 3001 739 3059 iu
765 2999 892 3059 alteram
915 2998 996 3059 bona
1021 3001 1133 3082 scripta
1156 2994 1332 3073 transferre,

248 3104 278 3155 et
301 3095 340 3155 de
366 3096 573 3157 doctrinarum
597 3097 784 3172 candidatis,
818 3116 934 3177 perque
953 3096 1021 3155 illos
1041 3097 1080 3155 de
1103 3095 1261 3154 hominum
1280 3112 1334 3174 ge-

248 3214 321 3258 nere
346 3214 439 3276 quam
464 3197 578 3276 optime
596 3198 704 3254 mereri
722 3194 814 3275 (quod
834 3197 935 3275 ipsum
955 3205 1001 3254 est
1019 3194 1157 3275 inprimis
1173 3190 1334 3272 laudabile)

250 3296 439 3355 annituntur.
488 3295 530 3355 Et
549 3314 619 3354 eum
642 3296 808 3354 etiamnum
825 3294 908 3354 haud
928 3314 1023 3376 pauca
1047 3295 1080 3353 in
1101 3294 1224 3355 Graecis
1249 3290 1335 3352 eodi-

252 3394 357 3470 cibus,
383 3416 440 3478 per
457 3392 636 3455 illustriores
650 3395 893 3475 praepotentium
920 3414 955 3453 ac
987 3395 1160 3476 principum
1181 3394 1334 3469 virorum,

252 3502 283 3553 et
308 3492 602 3574 remunpubliearum
634 3491 831 3553 bibliothecas
863 3490 967 3552 abdita
1002 3502 1033 3552 et
1066 3490 1183 3553 inclusa
1208 3489 1333 3568 lateant,

252 3592 362 3674 quibus
384 3592 417 3651 in
444 3602 582 3672 apertirm
606 3590 734 3673 proditis
759 3612 910 3669 crecere,
945 3613 980 3653 ae
1006 3588 1281 3674 propagaripossit
1302 3591 1335 3649 in

253 3712 374 3752 omnem
392 3702 510 3773 partem
531 3700 635 3751 nostra
659 3690 809 3771 eruditio,
846 3711 952 3752 eorum
968 3691 1086 3769 studia,
1115 3692 1169 3772 qui
1195 3689 1228 3749 id
1246 3708 1336 3770 prae·

254 3801 354 3872 stant,
376 3790 508 3851 stueuun
529 3790 608 3850 serre
621 3812 820 3874 permagnum
839 3794 908 3873 quis
920 3790 1123 3851 inficiabitur?
1163 3788 1223 3850 Sed
1237 3808 1335 3869 quam

254 3910 346 3975 quam
371 3888 458 3949 labor
487 3892 513 3949 is
536 3888 634 3949 adhue
658 3891 827 3969 tironibus,
864 3890 1097 3971 paucorumque‘
1117 3888 1336 3970 stipendiorum

256 3988 402 4051 militibus
433 3988 588 4070 operosior
612 3987 739 4053 accidit:
780 3998 942 4071 propterea
965 3987 1048 4069 quod
1076 3986 1227 4070 permulta
1260 3986 1336 4047 vitia

257 4099 287 4149 et
304 4096 425 4169 peecata
446 4097 629 4163 occurrunt,
658 4109 736 4169 quae
761 4092 859 4148 vitare
882 4086 1003 4148 difficile
1025 4098 1070 4148 est
1095 4088 1188 4167 (euius
1210 4085 1254 4144 rei
1275 4104 1337 4143 non

258 4186 323 4253 leve
345 4197 573 4269 argumentum,
596 4186 677 4271 quad
697 4208 767 4251 curn
788 4190 965 4274 interpretes
980 4208 1074 4276 panse
1093 4180 1336 4258 munerante,
