3025 4900
619 219 725 284 unul
753 223 796 282 11.
834 229 840 245 ·
1160 195 1244 310 309

101 439 104 446 Ι
173 373 286 428 iuratio.
331 375 490 430 Maiestatis
514 391 532 424 a
558 373 744 444 Zamplacone
769 372 939 441 arcessitus,
959 374 1064 429 crimen
1084 376 1244 450 negat(ss).

169 446 204 496 ln
215 459 314 501 mmmo
325 441 487 498 discrimine
501 441 540 498 ad
548 441 767 496 misericordiane
784 440 929 498 domestici
944 445 1083 517 confugit:
1102 450 1153 518 qui
1162 452 1190 500 ei
1202 451 1247 500 in·

167 525 277 582 gratum
289 515 409 566 animum
426 513 609 585 exprobrans,
624 513 804 595 aliquatenus
826 513 961 568 auxilium
978 518 1114 585 promittit
1128 518 1246 569 stultiti-

168 583 351 652 amquesacti
365 585 451 651 ipsius
472 585 588 653 apologo
604 580 790 652 fhsttuissimo
807 596 872 636 ante
886 585 982 635 oculos
998 585 1150 657 ponit(23).
1191 586 1245 639 Ni·

167 665 253 702 caeae
270 651 304 703 ab
324 653 450 706 Orclsane
463 654 548 706 l’ersa
567 651 691 705 obsessae
704 655 899 714 succurritur,
911 671 969 722 pax
987 658 1167 724 componitur.
1201 656 1245 710 De

167 721 324 788 Syrgianns
345 720 479 774 iudicium
504 732 663 773 exercetur:
680 719 886 789 ampliationem
901 724 987 791 petit:
1007 725 1137 777 Galatam
1145 725 1244 795 sugit,

166 786 215 840 ubi
239 786 391 857 diligenter
412 793 571 864 quaesitus,
591 807 648 841 non
670 789 824 842 inuenitur.
860 790 928 843 lnde
946 790 1098 855 Euboeam,
1117 793 1183 846 inde
1207 794 1247 848 ad
1324 819 1326 823 ·

158 857 276 976 ‘croisum
292 859 362 939 abit,
381 863 428 913 cui
444 857 576 942 aduersus
586 859 723 941 Romanos
736 854 786 909 dat
797 859 981 940 Ι(ψινιυηβᾷ)
1010 861 1166 931 Splsranzes
1179 880 1246 916 con·

163 927 818 1069 {lastzllssl.t:lm55llltszlill.tl²
856 943 1244 1071 23.zll”t.ltll.ll.l.f

165 1053 265 1145 ¹ibrsae
281 1069 312 1118 in
326 1065 496 1121 Macedonia
512 1069 591 1118 victi.
627 1065 781 1138 Splsranzes
795 1067 977 1136 Syrgiannem
992 1083 1055 1122 astu
1068 1069 1188 1124 occidit.-
1206 1073 1242 1123 ab

158 1148 331 1203 ·smperatore
345 1140 469 1208 praemio
490 1137 624 1210 afficitur.
663 1137 728 1189 Cum
749 1135 833 1188 Grale
847 1135 998 1192 concordia
1012 1143 1183 1202 resarcitur,
1202 1142 1242 1193 ci·

164 1203 268 1257 uitates
289 1205 323 1258 ab
347 1224 380 1259 eo
397 1219 495 1276 captae
517 1205 557 1258 ad
568 1203 653 1278 fidem
668 1203 800 1258 redeunt:
818 1203 904 1258 eidem
919 1208 1055 1261 auxilium
1070 1209 1105 1262 ab
1122 1209 1242 1280 impera·

161 1283 223 1394 eppe
235 1275 425 1396 mititeiturQS).
451 1278 558 1358 {legino
568 1276 691 1328 Moesiae
703 1293 755 1344 per
774 1273 843 1326 duos
858 1291 986 1395 proteres
1005 1295 1091 1359 reffno
1105 1278 1235 1349 exigitur.
1324 1308 1328 1317 -

161 1343 1242 1485 ..‘smllibss.:lt‚⁰;lg.2‘.l⁰lltibatallulltll‘ntll

161 1479 214 1533 dit.
248 1483 347 1537 Persae
364 1481 552 1536 Nicomediam
575 1483 714 1536 obsessuri
737 1495 885 1536 terrentur.
930 1485 1089 1554 Imperator
1104 1488 1239 1540 Moesiam

162 1549 285 1604 invadit.
320 1555 380 1606 Pas
396 1555 531 1606 sancitur.
567 1553 621 1606 Pro
641 1551 754 1604 urbibus
770 1554 873 1605 ablatis
894 1550 1082 1624 digladiatio,
1100 1557 1240 1610 Ancbialo

157 1619 317 1688 ·Diampolis
328 1621 574 1745 permutaturjnb).
615 1620 776 1674 Alexander
796 1621 928 1686 Scythas,
946 1622 1000 1674 sibi
1015 1626 1123 1679 auxilio
1138 1639 1254 1678 contra·

160 1704 291 1758 patruum
308 1695 467 1754 venientes,
517 1695 563 1744 olo
589 1693 619 1743 in
642 1691 776 1742 Romanos
794 1691 878 1742 mittit
899 1692 947 1742 uel
960 1696 1113 1760 praemittit
1134 1698 1237 1763 potius.

159 1761 303 1812 Atrociter
308 1775 465 1882 pugnatur.
507 1762 719 1815 Matrimonium
734 1778 794 1814 cunt
807 1760 905 1813 Maria
924 1761 1099 1830 imperatoris
1108 1765 1179 1831 filia
1194 1765 1237 1816 bis

157 1830 282 1897 petitur,
327 1832 350 1884 is
377 1844 530 1884 recusatur.
566 1828 673 1883 Foedus
694 1831 807 1900 finitur.
844 1829 1011 1883 Conuiuium
1032 1832 1122 1883 initur
1149 1846 1178 1885 et
1203 1832 1237 1886 de

159 1901 324 1954 strenuitate
351 1901 469 1954 llomani
490 1897 718 1954 commendantur
732 1898 797 1970 (27).
839 1899 968 1951 Amurius
998 1902 1096 1954 Ioniae
1121 1915 1237 1971 senape

160 1965 310 2021 slltraciam
327 1971 491 2032 incursans,
509 1971 623 2024 illaesus
642 1970 707 2021 abit.
743 1971 845 2022 Senior
857 1971 1007 2039 imperator
1023 1983 1050 2022 et
1061 1982 1148 2021 mater
1162 1973 1238 2023 iuni·

158 2037 216 2088 oris
229 2036 283 2089 bac
300 2042 362 2092 luce
386 2041 593 2110 dejisnguntur,
612 2039 811 2092 Monomaclsus
828 2037 988 2094 Thessaliae
1000 2040 1172 2110 gubernator
1190 2057 1236 2093 re-

158 2106 253 2159 bellat.
288 2111 422 2162 Montani
431 2110 568 2162 'Thessali
584 2109 749 2178 imperatori
769 2108 884 2160 salutem
898 2107 1013 2170 dicunt,
1031 2109 1163 2180 obsequia
1182 2125 1236 2162 sua

158 2177 186 2230 ei
193 2173 355 2246 deserentes.
393 2181 459 2232 Cum
479 2180 561 2231 Crale
583 2182 735 2248 imperator
747 2179 856 2247 aliquot
869 2175 927 2229 dies
942 2177 1074 2230 hilariter
1084 2189 1112 2231 et
1122 2180 1154 2228 in
1170 2195 1237 2248 epu-

161 2247 198 2298 lis
217 2249 424 2319 consumit(28)·
466 2249 565 2301 lesbus
584 2267 602 2300 a
630 2247 818 2300 Gestuensibus
834 2259 1003 2315 occupatur.-
1029 2265 1062 2301 eo
1086 2249 1236 2318 imperator

157 2331 219 2366 cum
231 2316 318 2378 classe
335 2336 436 2388 magna
450 2317 650 2388 proficiscitur.
680 2317 759 2368 Delii
776 2333 793 2364 a
811 2316 998 2368 Gaaaemisas
1010 2315 1162 2388 deficiunt:
1182 2334 1235 2370 neo

158 2386 182 2436 ii
208 2400 268 2435 cum
285 2386 414 2462 Romanis
430 2375 580 2459 constisere
603 2383 715 2442 audent.
750 2385 889 2438 Pincerna
915 2384 955 2436 ad
971 2386 1128 2455 Mitylenen
1150 2405 1235 2459 oppu-
1301 2436 1305 2446 ‚

155 2452 297 2525 gnandam
311 2458 494 2529 relinquitur:
511 2469 601 2509 cetera
617 2455 718 2525 oppida
727 2456 858 2509 Romanis
871 2472 899 2508 se
912 2454 1023 2511 dedunt.
1044 2458 1149 2510 Contra
1161 2457 1235 2510 rna·

154 2541 252 2577 caeam
277 2538 305 2577 et
328 2528 483 2595 Mitylenen
502 2530 652 2596 imperatos·
667 2524 821 2577 Sar-eleonis
845 2537 975 2596 satrapae
997 2527 1133 2579 auxilium
1150 2528 1235 2578 invo-
1328 2527 1333 2537 '

155 2605 210 2646 cat.
244 2594 457 2649 Phocaeensium
469 2598 500 2648 in
514 2614 542 2650 se
560 2593 733 2664 defendendo
745 2597 913 2648 constantia.
949 2596 1016 2648 Tres
1027 2596 1087 2665 filii
1102 2608 1232 2664 satrapae

154 2664 253 2715 Ioniae
275 2665 438 2735 imperatori
453 2664 543 2737 fldem
564 2682 640 2718 suam
668 2666 845 2732 pollicentur.
880 2664 1021 2717 Nobilium
1048 2666 1232 2716 Romanorum

154 2730 329 2785 clandestina
348 2736 378 2786 in
395 2737 585 2804 imperatorem
596 2730 804 2804 perfidia(a9):
824 2736 922 2803 ingens
939 2730 1027 2786 eidem
1043 2752 1060 2783 a
1073 2734 1166 2786 Persis
1178 2750 1232 2784 au·

153 2802 260 2853 uilium.
278 2805 378 2872 Magni
390 2804 534 2857 domestici
545 2821 604 2855 cum
618 2804 731 2855 Amurio
743 2804 828 2853 Persa
844 2803 1030 2872 collacum,
1049 2815 1076 2855 et
1093 2802 1228 2872 epulatio,
1320 2802 1329 2817 ⁶

152 2882 180 2923 et
195 2885 328 2941 quantum
339 2877 435 2941 gratia
451 2870 527 2942 apud
538 2891 597 2925 eum
606 2873 736 2942 potuerit.
773 2873 945 2924 Domestious
959 2872 1077 2922 amicum
1092 2868 1230 2941 quendam

154 2942 320 2995 Genusasem
333 2943 373 2993 ad
384 2942 593 2995 tabernaculum
606 2958 684 2993 suune
702 2942 826 3001 inuitat,
847 2941 893 2992 cui
903 2938 1045 2991 Phocaeae
1059 2938 1228 2992 deditionem

151 3013 261 3081 egregia
280 3014 410 3065 oratione
425 3010 595 3081 suadet(3o).
631 3012 683 3063 lllo
699 3009 732 3063 ele
749 3027 860 3062 suorum
876 3010 1064 3062 obstinatione
1080 3009 1229 3074 conqueri-

150 3092 212 3139 tur,
232 3084 376 3133 consilium
393 3084 490 3152 poscis.
524 3082 645 3146 Magnus
655 3078 819 3134 domesticus
835 3092 935 3133 auctor
947 3092 998 3140 est,
1011 3078 1047 3129 ab
1062 3081 1227 3149 imperatore

149 3151 263 3202 veniam
279 3164 378 3219 orent;
397 3152 496 3204 Persas
508 3149 615 3205 obsides
626 3152 655 3203 ei
662 3148 768 3202 donent
774 3171 785 3216 ,·
796 3149 949 3203 Pbocaeant
961 3162 988 3201 et
996 3148 1153 3216 Mitylenen
1161 3146 1228 3199 red-

148 3216 234 3270 dant:
251 3222 336 3274 mulsa
348 3222 411 3274 item
427 3222 499 3273 bona
509 3232 663 3281 enumerat,
680 3220 780 3289 quibus
799 3220 833 3272 ab
850 3237 882 3274 eo
899 3216 1045 3291 afficiendi
1056 3219 1119 3269 sint.
1144 3217 1226 3269 Urbes

147 3304 208 3339 cuns
223 3288 362 3343 obsidibus
378 3291 543 3352 redduntur,
559 3293 600 3342 ita
617 3289 718 3343 lesbus
731 3291 869 3361 recipitur
876 3290 941 3359 (δι).
977 3290 1081 3341 Albani
1096 3286 1226 3339 tumultu·

147 3372 244 3421 antur,
264 3360 426 3413 ciuitatibus
440 3360 544 3414 uicinis
554 3358 588 3412 de
607 3360 783 3430 epulationes
800 3359 938 3430 inferunt,
956 3355 1104 3410 domantur
1115 3357 1226 3407 immen-

144 3445 232 3499 saque
245 3430 352 3498 praeda
367 3433 537 3499 congeritur.
593 3446 746 3483 sarnanum
759 3445 905 3501 procerum
922 3425 956 3480 de
970 3429 1136 3497 imperatore
1151 3427 1224 3478 reci-

142 3494 246 3567 piendo
264 3497 474 3569 dissensum).-
494 3499 608 3569 reginae
620 3501 757 3550 sententia
774 3498 953 3569 approbatur.
990 3497 1030 3548 De
1045 3496 1151 3564 nuptiis
1163 3511 1223 3545 curn

141 3567 270 3637 principe
280 3568 435 3639 Nicepboro
446 3582 472 3621 et
481 3566 624 3619 domestici
623 3566 695 3637 filia
716 3572 867 3621 assentitur
881 3568 1032 3634 imperator
1040 3584 1051 3630 ,·
1067 3564 1222 3617 libertatern

150 3648 242 3703 negat.
277 3637 361 3689 Dedit
373 3655 402 3690 se
416 3638 567 3707 prouincia
580 3633 1051 3706 imperatorisquemansuetudinem
1066 3653 1100 3687 ac
1119 3633 1222 3701 benefi-

145 3707 265 3757 centiam
279 3706 539 3760 commemorabilem
549 3705 698 3773 experitur.
732 3707 804 3759 Puer
818 3704 989 3774 Nicephorue
1002 3722 1019 3755 a
1031 3704 1177 3756 malevolis
1184 3701 1224 3755 ad

143 3770 282 3825 dominam
302 3778 419 3829 Tarenti
435 3776 613 3841 transfertur.
648 3773 735 3826 llebus
754 3772 900 3845 confectis,
917 3776 1068 3845 imperator
1075 3773 1220 3826 stenelo·

143 3844 235 3897 nicam
259 3844 338 3897 redit.
377 3843 537 3897 Alexander
561 3862 611 3896 res
632 3845 789 3896 Moesorsun
812 3861 895 3913 super
911 3845 1086 3896 matrimonio
1113 3843 1220 3911 legatos

142 3914 306 3969 mirsinensi
318 3916 448 3985 qssamuis
461 3914 598 3977 barbaro,
613 3913 721 3983 publici
734 3930 820 3965 causa
833 3910 965 3966 commodi
973 3912 1066 3984 filiam
1081 3928 1158 3964 suam
1172 3909 1220 3963 de-

140 3980 331 4051 spondetffl).
367 3986 466 4036 Persae
479 3996 606 4053 raptores
622 4000 641 4034 a
658 3980 803 4035 domestico
823 3996 851 4035 et
864 3982 1028 4053 imperatore
1049 3980 1217 4039 caeduntur,

140 4053 304 4121 capiuntur,
315 4052 459 4121 fugantur.
480 4055 645 4121 Nuptiarum
658 4049 734 4122 apud
744 4050 948 4121 Adrianopolin
961 4053 1116 4106 celebritas.
1133 4052 1219 4101 Acar»

139 4138 246 4177 nanum
261 4109 391 4195 defictis.
424 4122 596 4195 Nicepltorus
613 4140 632 4175 a
647 4122 795 4177 rebellibus
808 4126 943 4192 repetitur
959 4135 1044 4193 atoue
1068 4139 1087 4173 a
1109 4119 1219 4174 rana·
