3025 4900
457 319 741 397 ursmmsnu'u
768 331 811 397 ιι.
832 328 887 397 ιο.
1128 309 1212 412 λιι

134 457 328 563 morsurus
346 481 413 572 ίδίρ
426 505 458 549 τι
477 486 552 565 ἐμοὶ
569 481 704 550 τοιαῦτα
722 482 943 568 συμβουλεύω.
983 474 1035 557 διε
1053 485 1161 569 τοίνυν
1179 490 1251 568 tes.
1261 499 1364 577 αιλις

133 575 238 646 αύτῶν
258 579 480 648 ἀποδείκνυται
498 585 563 647 τῶν
582 579 787 668 πραγμάτων,
805 579 884 668 μήτε
902 579 984 670 πρός
999 583 1096 670 χάριν
1112 587 1215 668 ἀμυν-

131 681 176 764 τρῖ
191 679 271 761 μήτε
291 679 368 764 πρός
389 674 563 763 ἀπέχθειαν
584 682 692 768 ἐκεινῳ
712 681 833 763 λέγειν,
851 682 924 748 δίον
938 673 979 766 ἦν
996 706 1027 746 τι
1046 685 1109 748 τοῖν
1128 686 1219 751 δεόν-

131 801 194 842 των
211 781 382 842 πείθεσθαι
401 779 556 865 φαίνομαι
574 778 809 860 συμβουλεύων.
851 778 930 865 ἔφης
946 782 1109 868 τοιγαροῦν
1128 785 1218 850 δυοῖν

113 871 221 940 όὲνεκα
239 874 378 957 μάλιστα
399 873 568 959 ε’νόγεσθαι
587 875 663 963 πρός
683 879 787 941 τοῦτο·
805 880 864 942 τοῦ
877 901 911 941 τε
928 874 973 963 μὴ
991 883 1094 956 κακούς
1113 875 1310 967 ἀκού-Ἆπις

130 994 178 1038 ειν
198 973 286 1058 παρό
307 974 440 1062 φαύλων
461 970 713 1060 ἀνθρώπωνκαὶ
741 973 973 1061 διεφθορότων,
1001 980 1057 1042 καί
1073 977 1214 1062 sospi-

130 1078 224 1137 λιστα
245 1071 418 1154 βούλεσθαι
447 1077 509 1140 τῶν
534 1069 614 1160 πρός
634 1076 715 1138 αἰδιό
736 1073 793 1139 καὶ
818 1071 912 1158 τιμὴν
930 1078 985 1140 καί
1003 1076 1122 1163 ἡδονὴν
1141 1081 1215 1146 ἀσο-

130 1171 236 1254 μόνων
254 1177 398 1255 βασιλεῖ,
427 1167 501 1256 ό,τι
530 1166 571 1239 ἀν
589 1175 645 1260 ἐξῇ
664 1181 775 1238 ποιεῖν·
804 1170 842 1237 τό
863 1176 923 1254 μὲν
942 1169 1002 1240 οάν
1022 1176 1213 1262 θεραπεύειν

129 1273 280 1353 βασιλέα,
310 1270 433 1338 δίκαιόν
462 1295 496 1338 τε
525 1271 623 1359 φαίην
653 1267 693 1338 ἀν
713 1271 770 1338 καὶ
787 1267 885 1350 αότός
903 1272 959 1340 καί
976 1278 1031 1340 σοι’
1047 1279 1210 1362 προσῆκον.
1217 1288 1309 1352 Mis

92 1367 234 1447 ιοέξεστι
254 1371 290 1436 δὲ
310 1378 434 1448 πολλοῖς
452 1369 579 1458 τρόποις
603 1370 843 1438 ἐπιδείκνυσθαι
860 1371 917 1458 τὴν
935 1375 1119 1459 θεραπείαν.
1158 1374 1215 1459 τό,

129 1493 165 1536 τε
184 1470 247 1556 γάρ
277 1475 372 1559 τιμᾷν
399 1472 442 1549 ὥς
462 1473 584 1560 πατέρα
612 1473 782 1556 ἀναγκαῖον
802 1474 859 1540 κατ’
881 1470 919 1538 τό
939 1474 1092 1560 πρόνοιαν
1111 1469 1216 1540 citou*

129 1569 188 1655 τὴν
218 1568 355 1656 δυνατὴν
379 1576 540 1636 ποιεῖσθαι
569 1565 643 1636 u‘s'or’
669 1565 767 1637 αύτόν
796 1595 833 1637 τε
852 1571 908 1637 καί
926 1573 1077 1639 οἰκετικόν
1096 1573 1216 1658 διόγειν

130 1671 167 1734 όν
188 1668 351 1756 ἀφθόνοις.
373 1669 450 1756 tisis)
471 1669 510 1736 τοὶ
523 1669 756 1754 ἀποτεταγμένοι
775 1670 929 1757 χρήματα
949 1673 1036 1761 αύτῷ
1053 1676 1108 1758 τῆς
1125 1675 1216 1758 χρεί·

132 1793 171 1844 ας
191 1771 280 1834 δοκεῖ
294 1768 419 1836 ε’λόσσω
439 1765 536 1853 εἶναι,
557 1773 679 1856 φθόνος
707 1768 814 1846 οάδεός
832 1773 889 1836 καὶ
914 1773 1007 1855 ἕτερα
1035 1762 1215 1857 τοσαύταῆ

93 1867 188 1932 sisui
206 1871 362 1934 διπλασίου
397 1873 612 1956 προστιθέναι·
645 1870 701 1935 καί
728 1871 810 1956 ἕτερ’
840 1862 921 1936 όττω
947 1866 1074 1960 ἀαότῷ
1092 1873 1153 1954 μὲν
1172 1867 1215 1937 ἀν

127 1964 177 2050 εἴη
198 1972 273 2032 καθ’
291 1966 423 2053 ἡδονὴν,
443 1969 565 2054 βλάβην
592 1971 627 2036 δὲ
655 1964 774 2054 ἑτέροις
797 1967 843 2056 μῆ
863 1973 1000 2058 παρέχῃ.
1017 1965 1157 2056 ἄρχοντα
1177 1972 1216 2036 st

127 2064 352 2133 ἀποδεικνύναι
371 2070 434 2133 suiv
460 2066 673 2155 πραγμάτων,
704 2061 772 2134 οὔτ’
791 2062 831 2136 ἀν
855 2066 951 2146 αάτός
968 2070 1131 2156 πεισθείην
1148 2071 1214 2135 τάν

127 2169 218 2253 κοινῇ
239 2165 484 2234 λυσιτελούντων
504 2163 601 2250 εἶναι,
629 2163 702 2233 οὔθ’
730 2163 829 2256 ἓτὲριρ
847 2169 1128 2253 συμβουλεύσαιμι.
1148 2172 1215 2236 τεόν

126 2269 234 2331 κακῶν
266 2268 301 2330 δὲ
331 2262 445 2331 ούδέυα
475 2269 566 2349 λόγον
598 2264 704 2348 οἴομαι
724 2273 888 2332 ποιεῖσθαι
907 2271 988 2334 δεῖν.
1027 2262 1215 2353 ἢσχότλιον

85 2361 165 2430 αοάν
197 2360 269 2446 εἴη,
297 2365 326 2426 εἰ
346 2366 408 2426 τῶν
438 2365 498 2444 μὲν
519 2358 650 2445 ἀγαθῶν
671 2359 784 2430 οὐδένα
805 2363 1000 2451 ποιησόμεθα
1020 2367 1127 2451 λόγον,
1147 2374 1242 2442 rotgo
1338 2371 1342 2378 “

124 2466 161 2528 δὲ
182 2470 292 2537 κακοῖς
322 2461 475 2528 τοσοῦτον
494 2459 718 2547 χαριούμεθα,
750 2458 830 2529 οόστσ
856 2464 911 2530 καί
937 2460 960 2531 ό
992 2468 1140 2552 λυσιτελῆ
1159 2470 1217 2531 καὶ

125 2564 240 2627 δίκαια
260 2561 412 2642 δοκοῦμεν
432 2554 532 2644 εἶναι,
563 2562 659 2625 ταῦθ’
680 2556 800 2639 ἑκόντες
822 2555 908 2640 όντες
927 2563 1132 2649 προησόμεθα
1153 2557 1216 2627 αό-

124 2670 205 2741 τοῑς.
249 2660 327 2747 φέρε
353 2658 415 2745 γόρ
444 2658 522 2747 πρός
540 2662 621 2725 θεοῦ
627 2710 638 2742 ,
670 2658 705 2727 εἴ
729 2684 766 2745 γε
786 2658 902 2739 πόντες
930 2660 1056 2739 αύτούς
1075 2659 1216 2747 τρόπους

124 2756 250 2847 ἀγαθοί
267 2757 432 2848 ἐκκλησίαν
441 2760 720 2849 συναθροίσαντες,
741 2760 825 2847 ἡμᾶς
844 2761 900 2828 ἐπὶ
917 2758 988 2853 δόιρ
1000 2764 1214 2847 προκαλοῐντο,

123 2962 187 3017 Non
203 2962 289 3032 igitur
304 2968 335 3014 nt
351 2960 418 3015 inde‘
433 2963 536 3035 privetu
550 2964 584 3018 erl
600 2980 643 3018 me
656 2962 752 3018 redcat
768 2960 884 3026 utilites,
902 2964 955 3016 hoc
968 2962 1039 3015 dubo
1057 2961 1212 3016 eonsilium.

124 3034 160 3085 Et
180 3034 250 3105 quia
270 3050 304 3086 ex
326 3033 405 3085 rebus
425 3036 491 3103 ipsis
512 3036 614 3107 liquet,
640 3051 683 3087 me
701 3052 792 3107 neque
816 3034 885 3087 mihi
909 3035 944 3086 su
963 3036 1092 3105 gretiam,
1120 3048 1212 3103 neque

126 3104 169 3155 ilii
195 3102 232 3154 nd
255 3102 386 3155 invidiam
403 3106 486 3157 verbu
511 3107 611 3169 fucere,
640 3122 757 3175 aequum
782 3112 838 3169 est,
864 3108 887 3157 si
914 3105 1044 3173 frugifero
1066 3103 1211 3155 consulere

126 3173 286 3235 tunicabor,
315 3174 383 3226 mihi
406 3177 564 3228 auscultare.
609 3176 723 3239 siebat,
749 3176 855 3228 duobus
874 3178 1045 3245 potissimum
1067 3174 1101 3225 de
1122 3173 1211 3224 crusis

126 3252 155 3296 tc
180 3244 217 3296 sd
237 3242 289 3298 hoc
310 3246 434 3307 incitari,
463 3254 491 3297 ct
510 3264 544 3299 ne
561 3246 631 3297 mule
647 3248 700 3298 tibi
718 3246 876 3298 dictitarent
893 3247 1012 3316 improbi
1033 3244 1211 3313 corruptique

126 3315 270 3380 mortalem
302 3322 331 3367 et
349 3316 423 3385 quod
449 3316 632 3385 maximopere
660 3326 796 3385 proestare
816 3316 915 3377 velles,
942 3324 1073 3386 quantum
1097 3312 1210 3385 quidem

126 3400 240 3453 posses,
261 3402 331 3454 quse
347 3386 382 3437 ad
403 3389 598 3447 reverentiam,
616 3385 747 3439 honorem
766 3394 794 3437 et
810 3386 944 3439 laetitiam
966 3388 1010 3438 nvi
1030 3386 1208 3455 pertinerent.

126 3456 227 3508 Colere
243 3456 326 3523 igitur
342 3463 371 3505 et
390 3456 533 3509 observare
559 3458 635 3507 ilium
658 3476 706 3528 ego
728 3474 840 3529 quoque
856 3466 885 3509 et
904 3458 1004 3508 iustum
1022 3464 1102 3507 etex
1120 3452 1209 3505 officio

126 3534 177 3579 tuo
202 3542 260 3577 esse
285 3524 444 3576 affirmarim.
493 3526 548 3577 Seu
576 3528 680 3577 ceritum
708 3528 791 3579 istum
816 3536 845 3580 et
871 3527 1087 3579 observationem
1116 3524 1210 3576 multis

124 3596 190 3648 eliis
209 3594 362 3646 rationibus
379 3596 513 3647 declarare
528 3594 695 3649 conceditur.
731 3598 799 3649 Num
819 3605 848 3649 et
862 3598 941 3649 illum
962 3596 1094 3647 honorare
1112 3602 1142 3646 ut
1160 3610 1212 3662 pn·

127 3674 235 3719 rentem
253 3671 362 3733 oportet
378 3672 406 3715 et
447 3664 569 3716 rovidcre
594 3665 898 3735 quomdiiigentissime,
924 3674 955 3718 nt
976 3682 1036 3717 cunr
1055 3667 1127 3735 ipsi,
1149 3674 1210 3716 tum

126 3738 190 3789 eius
204 3736 325 3786 inmilise
345 3750 386 3785 res
403 3682 444 3785 ιδ
454 3736 538 3787 ritum
562 3734 765 3789 sustentandam
780 3738 948 3789 necessariae
962 3738 1062 3787 nit‘stim
1078 3734 1211 3804 suppedi-

125 3812 198 3860 tent.
241 3806 310 3875 Ergo
329 3804 352 3857 si
369 3805 514 3875 separatim
530 3806 554 3856 ei
573 3806 681 3858 decretu
699 3808 817 3875 pecunia
834 3806 892 3858 eius
908 3808 1083 3859 necessitates
1098 3806 1210 3871 expiere

124 3894 185 3930 non
204 3882 331 3943 putatur,
365 3874 436 3927 haurd
460 3874 653 3939 recusnnduru,
680 3879 746 3947 quin
769 3878 884 3929 atterum
907 3885 1029 3939 tantum,
1055 3884 1103 3929 sut
1125 3875 1210 3927 etism

123 3948 190 4018 pins
203 3946 316 4013 duplum
333 3946 483 4009 tribuntur;
501 3956 529 3999 et
546 3946 709 3999 adiiciuntur
722 3948 792 4010 ulie,
817 3964 889 4017 quse
907 3947 950 3999 iiii
966 3948 1117 4015 voluptati,
1135 3951 1210 3996 cete-

124 4020 164 4070 ris
187 4016 262 4067 nulio
286 4014 447 4069 detrimento
473 4017 583 4069 suerint
629 4018 663 4069 At
680 4032 742 4069 vero
762 4034 851 4068 rerum
868 4017 1009 4069 dominum
1028 4018 1106 4069 ilium
1126 4015 1208 4066 insti·

124 4096 222 4149 urere,
248 4085 301 4138 hoc
321 4094 377 4149 est,
404 4086 478 4159 quod
498 4087 666 4157 reipublicae
680 4088 811 4141 interesse
826 4106 878 4140 nee
892 4090 1034 4159 quisquam
1054 4086 1123 4138 mihi
1141 4101 1208 4153 per-

124 4158 259 4219 suaserit,
283 4172 334 4207 nec
351 4174 399 4226 ego
419 4159 543 4229 cuiquem
562 4156 676 4210 sundere
692 4158 781 4210 veiim.
817 4160 1005 4228 Inproborum
1021 4164 1112 4209 nutem
1128 4168 1209 4205 voees

123 4226 337 4283 contemnendus
352 4230 465 4299 opinor3
490 4236 537 4283 sut
558 4244 615 4283 rem
636 4229 771 4283 nefarius
790 4228 1008 4301 designabimus,
1035 4227 1060 4279 si
1077 4224 1211 4279 toronus
