3025 4900
255 285 364 350 xxxn
533 307 543 322 ’
665 289 706 374 ¹l.
738 281 916 351 ronuta}

256 443 397 526 perches.
439 440 542 524 Atque
554 441 613 504 lioc
627 441 751 526 quidem
763 443 921 526 proprium
933 441 1092 524 estmagni
1105 439 1275 526 logothetae
1286 445 1340 506 mi·

255 527 423 586 nisterium.
466 525 557 604 Quod
571 537 671 588 autem
685 526 723 588 ad
736 547 802 588 rem
815 527 1028 604 domesticam,
1043 527 1136 608 ipsius
1151 539 1196 588 est
1209 525 1339 606 efficere,

255 607 339 690 quod
359 609 521 690 imperator
542 609 740 670 mandaverit.
782 608 910 670 Addunt
924 607 975 669 alii
988 630 1051 668 esse
1065 610 1155 670 etiam
1169 609 1340 670 libellorum

255 692 444 772 magistrum,
459 691 573 752 archivi
589 692 785 774 praefectum,
806 700 859 752 aut
876 689 936 752 tale
950 694 1117 773 quippiam.
1160 687 1342 772 Λογσθὲτης

256 776 412 853 exponitur
434 795 452 834 a
475 774 653 856 quibusdam
673 776 814 856 magister
834 775 1002 850 rationum,
1022 777 1077 856 qui
1092 795 1234 856 expensas
1249 776 1279 834 et
1297 795 1342 834 re·

256 853 338 917 ditus
366 867 543 939 computat,
566 878 746 919 oeconomus
774 861 839 920 aive
866 867 1064 939 procmator,
1093 857 1176 940 quod
1198 878 1341 939 maguum

255 948 320 1000 erat
334 937 465 1000 officium
487 951 516 1002 et
532 940 700 1022 politicum.

337 1021 518 1104 Λογοθέτης
532 1023 591 1082 τοῦ
603 1020 838 1105 στρατιωτικοῦ,
859 1021 1031 1103 logotheta
1048 1024 1231 1097 castrensis,
1244 1021 1339 1084 Zell-

257 1103 401 1176 arcister,
421 1104 694 1186 Psennigmaister,
716 1105 831 1167 Gallice
847 1106 1034 1166 Thraeci-ier
1047 1105 1092 1165 du
1103 1126 1205 1189 camp.

338 1183 575 1266 Καβαλλάριος,
597 1187 803 1250 Caballarius.
844 1183 1071 1266 Καβαλλάριον
1092 1198 1260 1269 equestrem
1280 1189 1342 1248 im-

255 1271 401 1350 peratoris
417 1271 592 1330 comitatum
607 1271 742 1330 nominat
755 1269 945 1352 Curopalata.
987 1270 1035 1330 Ex
1050 1269 1152 1330 Italico
1164 1270 1254 1331 ducta
1269 1290 1341 1350 vox,

254 1352 662 1496 guggsipgaalpalpatinadgoce
673 1353 820 1494 piratplsgvit.
871 1353 970 1414 Huius
988 1373 1060 1434 ergo
1079 1354 1238 1414 comitatus
1253 1341 1344 1436 prae-

269 1455 301 1494 ec
477 1453 782 1495 ariuseivre.
890 1473 893 1481 ·
1146 1445 1150 1458 '
1235 1488 1238 1496 .

337 1515 450 1596 Μέγας
463 1509 623 1592 auantiae,
645 1516 779 1596 Magnus
796 1517 954 1601 Puppim,
995 1516 1112 1597 idest,
1133 1540 1259 1602 magnus
1284 1540 1342 1600 pa·

254 1597 399 1676 terculus,
419 1619 554 1658 summus
572 1595 623 1658 ille
635 1598 735 1678 iudex,
755 1599 795 1660 ad
814 1621 905 1681 quem
920 1604 1201 1662 commentarienses
1216 1601 1256 1662 de
1278 1622 1343 1683 per·

256 1683 337 1744 souis
359 1701 479 1740 reorum
499 1687 529 1740 et
542 1700 680 1760 nurnero,
699 1679 737 1744 de
753 1681 896 1768 qualitate
908 1681 1097 1762 delictorum,
1118 1683 1157 1742 dc
1170 1682 1343 1745 clausorum

255 1763 412 1824 ordinibus
432 1763 541 1824 referre
569 1761 692 1825 debent.
741 1763 778 1826 lu
795 1764 873 1826 hanc
902 1768 1079 1829 senteutiam
1094 1767 1209 1849 accipio
1229 1787 1342 1827 nomen

255 1843 369 1928 Papiae
386 1844 466 1927 apud
475 1845 637 1926 Zonaram,
647 1839 700 1908 ubi
719 1847 756 1908 de
775 1869 811 1908 eo
827 1850 938 1930 agian,
959 1850 1012 1932 qui
1030 1846 1170 1910 Michaeli
1184 1847 1278 1909 Balbo
1291 1849 1342 1910 ad·

255 1928 337 2026 iutor
352 1927 421 2008 fuit,
443 1937 477 1990 ut
493 1929 627 1991 Leonem
646 1927 816 2002 ,Armeuum
839 1929 976 1992 emedio
1008 1929 1127 1993 tollmet
1155 1933 1343 2017 imperioque

255 2031 296 2094 po
337 2092 453 2174 Μέγας
472 2087 771 2176 στρατοπεδάρχης,
790 2096 929 2177 Magnus
950 2108 1128 2160 castrorum
1149 2091 1342 2179 praefectus.

256 2175 313 2238 Est
335 2187 455 2238 curator
476 2197 580 2238 aarum
597 2198 711 2256 rerum,
733 2199 811 2260 (prae
829 2182 970 2241 exercitui
994 2190 1068 2240 sunt
1092 2199 1182 2260 opus,
1202 2177 1343 2240 videlicet

256 2257 479 2338 alimentorum,
498 2263 766 2322 instrumentorum
785 2273 816 2322 et
829 2266 1063 2325 necessariorum
1077 2264 1233 2340 omnium,
1259 2261 1344 2322 Pro..

136 2415 139 2422 .
256 2341 493 2410 uiondmaister.
522 2343 692 2425 Exponitur
706 2347 808 2420 etiam,
829 2346 1140 2442 princepsexercitus,
1154 2355 1189 2403 ut
1206 2346 1245 2404 sit
1259 2343 1344 2404 vidern

256 2423 340 2523 quod
358 2419 589 2510 στρατιάρχηςε
612 2446 683 2490 uam
708 2423 915 2511 στρατόπεδον
940 2426 1103 2512 aliquando
1124 2447 1180 2512 pro
1206 2420 1343 2509 στρατὸς

250 2520 252 2525 “
298 2518 390 2570 mtur.

256 2529 298 2592 1²0
338 2590 611 2675 Πρωταλσγᾶταρ,
635 2590 782 2655 Summus
799 2593 936 2675 equitum
948 2590 1140 2676 praefectus.
1163 2591 1248 2652 Voce
1260 2592 1344 2653 emm

257 2652 370 2756 dloyov
405 2676 512 2737 Graeci
538 2676 718 2737 recentiores
745 2696 858 2757 equum
886 2686 939 2735 aut
960 2677 1130 2735 iumentum
1155 2674 1343 2757 significant,

257 2756 335 2818 lacta
356 2756 391 2819 e'x
408 2752 542 2837 didaco,
563 2780 583 2819 a
606 2757 700 2819 verbo
718 2759 831 2836 halac,
852 2756 935 2840 quod
959 2754 1154 2819 orientalibus
1170 2768 1253 2833 erat,
1276 2761 1345 2817 irc:

257 2840 329 2922 quia
346 2842 491 2901 maximus
506 2850 535 2900 et
552 2842 730 2922 praecipuus
744 2842 947 2901 iumentorum
960 2860 1033 2901 usus
1048 2838 1089 2901 ad
1102 2839 1344 2900 commoditatem

256 2924 411 2985 itinemm.
463 2923 581 2984 Turcae
603 2924 693 2983 etiam
716 2921 808 2983 hodie
826 2925 968 2983 nuntium
995 2944 1049 2983 seu
1077 2925 1224 2984 viatorem
1246 2922 1345 3005 appel·

257 3002 322 3067 lant
340 3006 442 3072 bulas.
483 3004 530 3067 Ex
545 3002 660 3067 didxoo
677 3007 768 3088 igitur
785 2994 909 3083 ἄλογον,
930 3004 962 3064 id
981 3015 1038 3081 est,
1057 3005 1193 3083 brutum,
1214 3002 1344 3079 κατ’ἐξ-

258 3082 338 3167 ogia
356 3092 523 3153 iumentum
546 3099 600 3149 aut
615 3109 729 3171 equus,
750 3097 786 3148 ut
803 3086 871 3147 ltali
885 3086 1001 3163 dicunt,
1022 3088 1055 3147 la
1075 3088 1172 3149 bestia
1188 3089 1266 3166 mia,
1286 3107 1343 3168 pro

258 3191 353 3252 equus
372 3194 468 3233 meus.
509 3170 556 3231 Ex
581 3161 695 3313 dlo'gpv
714 3170 748 3229 fit
772 3164 927 3265 ailo'ytov„
945 3172 1095 3251 equitatus
1117 3190 1170 3230 seu
1195 3190 1344 3249 equorum

258 3256 432 3335 equimmve
444 3272 598 3317 nummus.
668 3251 815 3313 raesectus
831 3240 1002 3335 ἆλσγαταρε
1021 3272 1157 3313 summus
1175 3251 1343 3336 praelectam

258 3334 520 3419 πραταλογάτωρ.

342 3416 629 3499 Σεβαατοκρσὶτωρ,
658 3414 963 3498 Augustimperator.
1018 3416 1121 3479 Tertia
1149 3417 1277 3501 dignitas
1290 3482 1293 3489 ,
1305 3416 1346 3477 ab

258 3504 450 3585 imperatore,
473 3502 649 3561 Caesariana
665 3500 875 3581 praestantior.
907 3500 991 3561 Dum
1007 3502 1171 3582 imperator
1184 3495 1347 3580 βασιλεὺς,

259 3576 426 3666 σεβαστός,
449 3582 579 3663 Καῖσαρ
596 3582 693 3643 dictus
711 3590 768 3658 est,
789 3602 852 3641 uno
870 3582 1036 3665 eodemque
1049 3603 1153 3643 omnes
1166 3582 1223 3643 hos
1241 3582 1348 3643 tiurlos

259 3668 431 3745 obtinente,
461 3664 620 3747 dignitates
641 3662 746 3726 officiis
777 3685 813 3724 ac
841 3684 905 3724 nou
937 3664 1032 3727 titulis
1063 3668 1235 3726 aestimatae
1263 3677 1346 3726 sunt.

258 3752 370 3814 Postea
388 3768 462 3809 vero
488 3748 683 3830 imperatores
707 3745 843 3809 luserunt
868 3746 976 3825 titulis,
995 3758 1026 3808 et
1046 3747 1206 3808 honoraria
1224 3748 1347 3830 dignita·

186 3842 189 3851 ’
259 3845 326 3896 tum
338 3834 462 3893 nomina
477 3832 543 3891 sine
560 3826 664 3895 officiis
681 3831 825 3913 impertiti
844 3841 914 3891 aaut
926 3831 1071 3892 arbitratu
1089 3852 1157 3909 suo,
1171 3842 1206 3892 ut
1218 3831 1348 3911 Curopu·

259 3916 320 3979 lata
342 3914 390 3977 his
420 3914 521 3976 verbis
543 3910 698 3974 declarat:
742 3912 896 3994 Despota,
916 3914 1158 3992 Sebastocrator,
1180 3914 1290 3974 Caesar
1308 3911 1347 3972 ad

260 3998 379 4061 nullum
395 3996 594 4057 ministerium
611 4004 764 4074 tenentur,
785 3998 843 4056 nisi
856 3994 897 4055 ad
917 4016 1069 4055 summmn
1095 3996 1227 4078 aliquem
1242 3997 1350 4077 princi·

261 4093 365 4165 patum
378 4081 584 4158 instituanuu,
599 4088 673 4159 puta
690 4088 743 4139 aut
758 4077 888 4160 regendo
899 4080 1037 4161 imperio,
1052 4090 1105 4138 aut
1111 4077 1242 4161 gerendo
1254 4076 1348 4139 bellos

261 4160 540 4248 cuiusreiexempla
551 4161 710 4246 suntapud
718 4158 923 4247 Nicephorum
931 4159 1353 4245 Gregoramquamplruima,
