3025 4900
488 321 772 388 ursaonrmnrr
801 326 828 387 ι.
854 325 905 393 oa
1167 299 1251 410 269
1330 328 1332 337 ¹

180 477 328 564 πράττειν
347 469 513 562 προείρητο
532 476 611 560 μήτε
635 467 743 552 όπλοις
763 474 842 560 μήτε
870 476 976 551 ἵπποις
1002 480 1163 564 χρῆσθαι,
1193 446 1409 544 itinerar

179 569 303 660 ἢοῖκοι
320 571 513 658 διατρίβειν,
545 567 567 658 ἢ
596 576 674 660 πεζῇ
703 572 760 638 καὶ
776 568 880 638 όπλων
900 567 1042 658 προῗέναι
1061 578 1174 663 χωρίς.
1192 578 1266 642 τότε

182 761 317 841 ἐπὶτῶν
336 769 450 852 τειχῶν
473 771 529 854 τῆς
548 764 644 854 αύτής
664 768 764 854 πύλης
784 768 971 847 ἀνελθόντες
992 763 1122 836 ἀνοπλοι
1141 770 1197 857 τήν
1216 772 1267 838 ἔκ-
1323 763 1326 774 ’

161 871 278 952 ὄβαοιν
303 871 486 956 περιέμενον
514 870 577 934 τῶν
613 871 815 954 πραγμάτων.
867 865 886 932 ό
911 871 1018 950 μέντοι
1041 876 1269 957 μητροπολίτης

183 971 255 1040 ἐπεὶ
283 967 375 1054 ἐγγύς
402 969 521 1052 ἐγένετο
551 969 732 1053 Χορταίτου
743 1017 753 1048 ,
785 967 1023 1053 ἀπροσδοκήτως
1050 966 1192 1051 ἀντυχοόν
1224 973 1270 1058 τῷ

184 1069 245 1160 νόῳ
273 1072 413 1150 βασιλεῖ,
447 1063 651 1150 ἐξεπόπληκτό
678 1087 712 1130 τε
732 1063 788 1129 καὶ
811 1069 869 1149 τῆς
888 1057 1031 1150 ἀφίξεως
1051 1069 1269 1154 κατεμέμφετο

185 1167 242 1255 τήν
270 1165 430 1252 ἀκαιρίαν.
457 1162 743 1251 προσαγορεύοντος
771 1165 807 1229 δὲ
840 1158 932 1229 αύτόν
962 1169 1119 1246 βασιλέως
1130 1215 1142 1247 ,
1172 1164 1272 1242 αύτός

180 1266 266 1353 ,πρός
285 1261 339 1330 τόν
358 1266 393 1330 ἐκ
413 1265 472 1328 τού
491 1261 654 1348 αἰφνιδίου
675 1264 819 1328 κινδυκον
838 1261 1048 1348 θορυβηθεὶς,
1079 1265 1162 1347 μηδὲ
1181 1257 1270 1328 άντο·

60 1441 64 1446 Ι
150 1358 388 1450 ιοπροσειιιάν,
413 1353 547 1446 ἤλαυνεν
561 1361 616 1439 ’ῶς
644 1355 711 1444 εἶχε
738 1358 855 1444 τάχους
886 1357 964 1445 πρός
991 1359 1049 1444 τήν
1074 1361 1184 1444 πόλιν,
1212 1360 1269 1446 τήν

185 1460 302 1549 ἔφοδον
330 1457 479 1544 μηνύσων
496 1463 671 1544 ,βασιλέως
707 1461 810 1524 εἵπετο
838 1461 872 1524 δ’
892 1453 976 1547 αύτῷ
1005 1457 1094 1523 καίό
1113 1458 1295 1541 βασιλεύςΡ.
1303 1469 1357 1529 100

186 1559 418 1645 συντονώτερον
449 1557 597 1642 βαδίζων.
649 1555 679 1622 οἱ
712 1560 748 1624 δὲ
786 1556 829 1623 τά
862 1558 965 1622 αύτού
996 1556 1184 1645 πράττοντες
1204 1567 1269 1636 τοῖς

187 1661 321 1742 τείχεσιν
340 1660 531 1744 ἐφεστῶτες,
557 1655 627 1723 luri
649 1651 711 1724 ἀπό
726 1659 790 1723 τῶν
813 1659 960 1741 σημαιῶν
978 1653 1116 1741 ἔγνωσαν
1132 1661 1303 1741 βασιλέαλ.
1314 1669 1365 1724 rii

188 1755 427 1843 προσελαύνειν,
443 1754 723 1842 ἀναθαρσήσαντες
739 1757 935 1820 ἐπιτίθενται
961 1765 1028 1831 τοῖς
1048 1755 1112 1834 ἔξω
1126 1759 1194 1821 τῶν
1211 1782 1274 1821 πυ-
1326 1790 1329 1794 ·

154 1857 275 1937 ιόλῶν,
298 1853 400 1928 λίθοις
417 1851 583 1935 βάλλοντες
602 1848 662 1918 ἀπό
690 1856 754 1920 τῶν
781 1854 915 1937 τειχῶν·
943 1849 973 1918 οἱ
996 1855 1059 1936 δὲ,
1080 1849 1144 1920 τῶν
1162 1877 1197 1918 τε
1215 1879 1274 1920 πο-

189 1956 306 2034 λεμίων
319 1949 435 2030 ἔξωθεν
449 1950 618 2034 ἐπιόντων,
639 1955 702 2018 τῶν
721 1975 756 2018 τε
781 1951 911 2018 ἔνδοθεν
931 1953 1076 2040 φανερῶς
1095 1954 1274 2035 ἐκπολεμω-

190 2051 327 2131 einer,
342 2042 400 2112 ούκ
415 2046 538 2133 ἔχοντες
555 2043 620 2132 Ἰδ’,τι
640 2049 841 2135 χρήσωνται,
862 2048 950 2116 ἔνδον
965 2053 1025 2135 μὲν
1043 2051 1192 2135 εἰσῆλθον
1210 2054 1274 2117 τῶν

190 2152 302 2232 τειχῶν
322 2145 377 2234 καὶ
395 2141 583 2215 ἀπέκλεισαν
612 2146 669 2225 τάς
688 2146 808 2226 πύλας·
821 2147 866 2234 μή
892 2150 1061 2232 δυνάμενοι
1084 2151 1120 2215 δὲ
1135 2150 1276 2232 ἀπέχειν

192 2247 272 2335 πρός
291 2249 367 2323 τούς
388 2244 560 2329 βάλλοντας
582 2241 644 2312 ἀπό
665 2250 724 2314 τού
751 2247 894 2330 τείχους,
909 2248 1089 2334 ἐτράπησαν
1104 2247 1149 2324 εἷς
1171 2246 1276 2335 φυγήν

152 2345 251 2416 nonni
263 2343 319 2430 τήν
336 2345 500 2431 ἀκρόπολιν
525 2347 674 2428 κατέσχον
689 2344 835 2422 ἐλθόντες
851 2344 897 2421 ῶς
913 2346 1128 2428 ἀμυνούμενοι
1145 2348 1275 2412 ἐκεῖθεν.

197 2437 279 2529 ἦρχε
299 2445 333 2529 δὲ
354 2443 454 2528 αύτῆς
481 2441 621 2522 Λυζικός
644 2446 676 2509 Γ
673 2443 801 2531 εοόργιος
832 2445 868 2510 ἐκ
898 2443 1063 2531 Βεῤῥοίας.
1104 2444 1136 2511 οἱ
1159 2446 1195 2511 δὲ
1213 2440 1303 2510 ἀπόΒ

197 2545 257 2607 τού
282 2542 404 2624 τείχους
428 2538 629 2618 κατελθόντες
656 2545 712 2609 καί
739 2542 798 2617 τάς
816 2541 918 2619 πύλας
937 2543 1132 2626 ἀνοίξαντες,
1158 2545 1276 2609 εἰσιδό-

197 2642 288 2717 ξαντο
307 2641 448 2721 βασιλέα.
477 2632 545 2721 ἀμα
568 2642 604 2706 δὲ
626 2640 682 2706 καί
695 2641 716 2725 ή
731 2639 821 2716 πόλις
836 2644 921 2706 πάσα
938 2644 1141 2728 προσετιθετο
1154 2644 1199 2728 τῷ
1215 2644 1276 2729 riq»

198 2743 342 2821 βασιλεῖ,
365 2737 420 2802 καί
443 2730 618 2823 ήσπάζοιτσ
637 2736 782 2814 ἐλθόντες
803 2740 969 2822 πανδημεί.
995 2736 1142 2821 βασιλεύς
1169 2740 1206 2801 δὲ
1229 2736 1275 2822 μή

159 2830 263 2908 nicini
287 2836 399 2922 Φερῶν
415 2838 461 2912 εἰς
486 2834 547 2923 τήν
566 2834 739 2924 ,ἀκρόπολιν
768 2835 949 2925 στράτευμα
974 2832 1068 2902 ἐλθόν
1096 2835 1276 2902 δυσάλωτον
1320 2912 1323 2915 ,

200 2996 275 3051 erat,
299 3004 369 3043 nere
388 2990 485 3051 armis,
508 3006 577 3043 neve
594 2990 672 3061 equis
697 2996 857 3050 uterentur,
879 2989 928 3042 aed
946 2994 994 3039 ant
1013 2988 1083 3039 intra
1106 2988 1224 3055 parieter
1249 3004 1279 3041 re

201 3062 388 3123 continerent,
431 3068 479 3111 aut
495 3061 555 3111 aine
572 3060 650 3129 equir
673 3061 783 3113 nerine
803 3058 883 3110 armir
918 3058 948 3109 in
972 3056 1112 3128 publicum
1130 3057 1278 3127 prodirent.

202 3129 260 3199 Qui
280 3133 333 3181 eti
355 3130 393 3192 ri,
413 3127 635 3199 quandoquidem
653 3128 784 3182 adventur
802 3128 972 3198 imperatorin
998 3129 1120 3179 omniurn
1145 3130 1279 3180 remoni-
1319 3142 1323 3148 ·

203 3198 256 3250 bar
273 3147 480 3261 oeielrabatur,
497 3199 580 3251 muria
617 3207 693 3252 ortae
712 3201 767 3252 iam
784 3199 872 3251 dictae
890 3199 1052 3260 conreenaia,
1070 3212 1159 3248 rernm
1176 3199 1280 3250 exitum

202 3267 542 3343 inermerexapectabant
609 3270 754 3339 etropolita
780 3277 813 3322 ot
829 3268 972 3322 Chortaeto
999 3268 1206 3337 propinquavit,
1225 3269 1279 3319 im-

202 3338 309 3407 proriro
328 3338 359 3391 in
377 3339 565 3407 imperatorem
581 3340 716 3403 incident,
735 3339 879 3408 obstupuit
895 3349 924 3391 et
947 3338 1166 3405 intempestivam
1187 3338 1281 3408 prose·

204 3409 322 3460 ttionenr
349 3422 425 3459 anam
443 3408 584 3461 inroravit.
625 3410 764 3463 Salntntna
787 3409 823 3462 ab
849 3408 1030 3476 imperatore,
1058 3407 1118 3475 ipae
1136 3408 1280 3477 repentino

200 3478 326 3561 periqnlq
344 3477 489 3561 exterrito·
517 3479 644 3551 nihilque
666 3478 848 3550 respondent,
869 3494 954 3559 quam
978 3476 1104 3529 celeriter
1127 3479 1229 3546 potuit,
1250 3493 1280 3529 ae

203 3548 613 3687 tererestereres:
638 3545 1282 3691 εετεκενονι,ανξιεντμε.

204 3694 284 3756 ροισι
303 3688 443 3739 erexillin
472 3690 560 3757 iprum
586 3687 745 3760 adequitare
772 3687 942 3749 didicerunt,
966 3692 1071 3755 sumpta
1098 3686 1228 3749 audacia,
1250 3688 1281 3737 in

206 3770 264 3818 eoa,
281 3758 329 3825 qui
347 3766 423 3809 extra
441 3766 547 3826 portam
563 3766 650 3821 erant,
657 3756 851 3827 lapidationem
868 3754 1014 3808 iaciebant.
1033 3757 1056 3807 Ii
1072 3756 1196 3809 hortibur
1214 3756 1280 3808 foria

206 3825 406 3893 ingruentibua,
424 3835 453 3879 et
471 3830 518 3898 qui
539 3828 611 3880 intur
629 3835 707 3881 erant
723 3836 816 3898 aperte
830 3826 947 3888 inieatia,
963 3825 1115 3879 nescienter
1135 3825 1203 3899 quiri
1221 3842 1285 3895 nqe-

206 3902 285 3957 rent‚
304 3896 376 3948 intro
393 3913 423 3949 ιε
441 3898 595 3967 recipiunt,
640 3906 711 3951 ortae
729 3894 884 3949 occludunt.
917 3897 953 3948 Et
977 3898 1043 3967 quia
1071 3896 1105 3949 tle
1126 3913 1203 3950 muro
1221 3912 1284 3947 anxa

207 3965 373 4018 iacientibus
391 3967 516 4019 resistere
533 3915 698 4039 nequilant,
724 3968 752 4017 in
771 3966 863 4036 fugam
879 3968 1017 4030 converri,
1042 3981 1148 4031 arcem,
1171 3975 1203 4017 nt
1218 3964 1284 4018 inde

207 4050 238 4086 τε
256 4032 413 4100 defensuri,
440 4046 581 4107 occupant.
617 4036 679 4091 Arei
704 4036 836 4106 Georgius
858 4036 970 4103 Lyziena
994 4043 1125 4104 praeerat.
1169 4036 1227 4106 Qui
1253 4035 1284 4086 in

207 4104 353 4157 moenibus
374 4106 484 4158 itabant
508 4105 689 4171 descendere,
714 4114 807 4177 portaa
824 4106 982 4167 recludere,
1009 4106 1198 4174 imperatorem
1214 4105 1286 4156 reci·

207 4190 291 4243 pere,
311 4184 340 4227 et
358 4176 424 4229 nrbr
441 4176 522 4227 rimari
538 4180 663 4232 univerae
680 4177 710 4229 in
728 4180 787 4228 eiua
805 4184 967 4245 potestatem
984 4176 1076 4239 nbire;
1093 4174 1211 4297 populna
1225 4182 1286 4225 tnr-

208 4244 305 4301 mrtim
321 4244 357 4299 ad
374 4260 438 4300 eum
453 4245 627 4303 salutandum
644 4262 792 4306 recurrere.
824 4246 877 4308 lile
893 4246 1012 4310 veritur,
1037 4260 1072 4297 ne
1113 4242 1186 4303 heria
1210 4259 1284 4297 rom·
