3025 4900
245 258 323 362 sd·
634 286 948 352 caunacnznnr

82 452 297 518 Α.0.132οκαι“
319 453 408 540 φιλοι
428 449 484 517 καί
501 449 737 534 βουλησόμενοι
755 448 846 532 μάλα
862 449 1039 534 προθύμως
1053 447 1134 536 desp
1151 453 1210 516 τοῦ
1226 449 1343 530 παιδὸς

244 553 341 617 αὗτοῦ
364 551 620 620 διακινδυνεύειν·
644 546 675 634 ἢ,
698 552 727 615 ει’
747 550 794 634 μή
815 552 907 614 τοῦτο
925 552 1083 632 βούλοιτο,
1105 550 1216 628 δεδιιδς
1238 547 1292 630 uic,
1314 553 1343 616 εἰ

242 652 287 738 μή
309 654 390 741 πρὸς
414 653 592 738 συμβάσεις
613 650 632 717 ά
651 649 804 733 βασιλεύς
824 651 880 715 καί
898 652 1029 729 πάππος
1049 652 1147 739 αύτιηῖ,
1168 651 1344 739 ἀλλὰπρὸς

243 754 384 839 πόλεμον
401 757 527 838 μάλλον
549 750 630 839 ὑπὲρ
652 749 687 816 sd
713 751 785 816 δέον
803 751 949 838 χωρήσει
974 754 1198 840 παροξυνθείς,
1221 752 1342 843 ῥᾳδίως

243 854 374 940 σχήσων
398 851 549 941 στρατιὰς
566 851 687 935 συχνάς
703 855 875 938 ἐκπέμπειν
885 851 975 938 πρὸς
991 854 1111 938 μάχην,
1135 845 1188 918 οἷα
1205 855 1243 938 δή
1258 859 1361 937 πλη-5

200 1019 202 1024 ,
244 955 314 1020 σιόν
337 949 434 1041 ούσης
455 958 511 1040 τῆς
535 954 793 1032 Κωνσταντίνου,
821 951 902 1040 πρὸς
919 950 955 1018 sd
975 955 1032 1039 τῆς
1055 956 1200 1040 Χριστοῦ
1221 953 1344 1028 πόλεως

244 1056 399 1142 φρούριον
422 1055 610 1143 ἀφικέσθαι,
634 1053 701 1138 ἅμα
720 1056 782 1136 μὲν
803 1053 847 1132 ιδς
869 1051 905 1120 ύν
926 1053 1082 1142 καρτερὸν
1103 1053 1138 1118 ἔκ
1153 1075 1187 1118 τι
1206 1055 1262 1136 τής
1281 1054 1344 1137 pri·
1449 1135 1455 1149 ¹

243 1177 325 1231 σεως
345 1158 400 1239 τῆς
422 1159 631 1240 κατασκευῆς,
653 1156 745 1220 τοῦτο’
766 1180 829 1222 που
851 1156 907 1222 καί
927 1158 990 1221 τῶν
1008 1156 1132 1236 τειχῶν,
1154 1151 1222 1236 άμα
1247 1153 1277 1215 δ’
1294 1148 1345 1218 ὅτι

243 1254 299 1319 καί
321 1252 465 1341 υδστιερεί
481 1282 511 1322 τι
535 1261 686 1342 κλεῖθρον
705 1263 809 1322 κεῖται
821 1259 885 1321 τῶν
893 1257 1055 1340 κλιμάτων
1065 1247 1224 1337 ἑκατέρων
1235 1248 1344 1332 μέσον,

161 1363 188 1417 P.
200 1361 233 1417 18
242 1353 298 1437 τήν
321 1355 451 1440 δοτικήν
473 1355 625 1440 στρατιάν
644 1357 763 1442 πολλήν
778 1379 851 1423 τινα
868 1353 970 1424 υύσαν
982 1356 1040 1421 καί
1052 1353 1135 1440 πρὸς
1147 1352 1257 1435 μάχας
1271 1352 1384 1434 ito-10

243 1456 402 1542 σκημένην
423 1461 479 1542 τῆς
500 1459 534 1521 ἐκ
554 1461 610 1540 τῆς
628 1459 671 1524 ’ἕω
691 1457 747 1524 καί
763 1461 819 1543 τῆς
837 1459 966 1548 Θρηίκης
984 1459 1133 1540 διεῖργον·
1159 1454 1215 1519 καί
1229 1454 1346 1538 τρίταν,

244 1553 295 1620 δ’τι
316 1559 475 1643 παράλιον
496 1553 532 1623 δν
553 1559 609 1623 καί
632 1556 690 1642 τήν
710 1559 745 1624 ἐκ
769 1559 930 1643 θαλάττης
951 1555 1173 1640 ύθενδήποθεν
1187 1554 1346 1640 εὐκαίρως

245 1655 285 1720 άν
298 1659 500 1746 παράσχοιτο
517 1658 718 1742 συμμαχίαν.
741 1661 843 1724 Τοῖτο
858 1659 960 1743 πέρας
976 1657 1160 1740 ἐπιθέμενοι
1174 1657 1216 1743 τῇ
1229 1659 1346 1744 βουλῇ,

247 1759 393 1845 ἀλλήλοις
404 1782 437 1825 τε
452 1760 676 1847 συναξάμενοι,
692 1757 711 1824 o‘
724 1760 784 1841 μὲν
797 1758 920 1843 ἔμεινεν
943 1761 977 1824 ἐν
994 1757 1116 1846 Θρᾴκη,
1142 1760 1258 1844 ταύτης
1273 1759 1346 1824 ἒπι-

160 1877 189 1930 v.
202 1860 417 1945 15τροπεύων,
434 1859 701 1945 Καντακουζηνδς
720 1864 749 1926 δ’
766 1857 785 1927 δ
803 1860 904 1947 μέγας
922 1860 1106 1944 δομέστικος
1119 1861 1179 1942 τῆς
1193 1856 1274 1944 πρδς
1289 1857 1384 1944 τήνΙῦ

247 1961 674 2048 Κωνοταντινοῦητρούσης
699 1957 820 2041 εἴχετο,
848 1957 904 2044 τήν
927 1959 1078 2026 σύνευνον
1102 1957 1194 2046 αύτῷ
1212 1965 1347 2024 καταλι-

246 2059 314 2126 adr
336 2065 369 2126 ἐν
392 2065 433 2149 τῇ
449 2062 595 2128 Καλλίου
617 2059 716 2127 πόλει·
740 2062 774 2124 ἐν
793 2063 890 2144 ταύτῃ
906 2058 970 2146 γάρ
989 2059 1127 2144 διέτριβε
1144 2059 1179 2124 τδ
1199 2065 1346 2125 πλεῖστον

244 2164 302 2226 τού
314 2163 447 2248 χρόνου,
464 2164 555 2228 τοῦτο
573 2163 632 2246 μὲν
652 2159 695 2238 οδς
714 2161 889 2247 ἐπικαίρως
906 2161 1034 2241 ἔχοντας
1051 2161 1244 2243 τοῦχωρίου
1266 2157 1348 2244 πρὸς

244 2261 301 2338 τάς
322 2261 462 2348 ἐφόδους
484 2261 704 2328 άνθιλττασθαι
724 2263 991 2347 τῶνβαρβάρων,
1010 2261 1101 2325 τούτο
1117 2263 1147 2324 δ’
1163 2255 1212 2325 ὅτι
1223 2259 1349 2325 καὶτοῦ

245 2365 395 2429 ναυτικοῦ
415 2361 531 2438 παντὸς
552 2362 586 2428 δν
609 2363 706 2451 ταύτῃ
727 2362 978 2449 κατῳκισμένον,
1001 2357 1238 2426 πολλῶνύντων
1252 2359 1383 2446 torri-20

215 2478 236 2529 Β
248 2486 330 2549 ρεων
341 2464 573 2551 πληρωμάτων,
581 2462 654 2540 τούς
666 2464 847 2549 ἐγχωρίους
860 2464 1046 2547 συνέβαινεν
1061 2460 1211 2547 ἁρπαγάς
1224 2456 1347 2547 ύπομέ-

246 2586 313 2629 νειν
329 2563 386 2627 καί
398 2563 483 2644 βίας,
502 2565 560 2629 τού
580 2568 753 2650 σοβοῦντος
770 2565 827 2629 ούκ
842 2559 930 2641 ὄντος
950 2562 1078 2641 καὶτὰς
1092 2559 1348 2647 δρμάςὲπίχυν-

246 2682 308 2739 τυς
330 2662 463 2748 ναυτική
481 2662 544 2751 γάρ
560 2662 702 2749 άναρχία
717 2674 887 2751 κρείσσων,
909 2668 958 2742 τίς
967 2665 1042 2752 ἔφη,
1064 2664 1175 2748 πυρός.
1200 2665 1349 2729 κατέλιπε

248 2765 278 2827 δ’
294 2765 365 2829 ἐκεῖ
373 2762 429 2846 τήν
444 2771 592 2849 γυναῖκα,
608 2768 656 2852 su?
674 2768 780 2832 δοκεῖν
797 2766 867 2848 μὲν,
883 2764 927 2843 αδς
943 2763 981 2829 ού
999 2761 1119 2855 ῥᾳδίως
1132 2763 1218 2844 ἔχων
1234 2764 1348 2830 inwi-

249 2866 366 2948 ρεσθαι
384 2860 441 2945 τήν
462 2872 684 2948 γυναικωνῖτιν
706 2867 747 2952 τῇ
761 2868 792 2931 δ’
807 2866 955 2957 άληθτίρι,
978 2864 1067 2941 ὅπως
1082 2862 1171 2950 αύτῷ
1182 2865 1387 2952 πράφασινθῡ

317 2975 343 3029 5.
365 2964 464 3047 σχήσει
483 2980 556 3031 coni.
574 2977 618 3033 Gr.
654 2980 697 3035 9.
718 2977 842 3053 ὡσπερεί
855 3000 881 3034 τι
900 2982 1006 3036 emend.
1028 2979 1073 3033 Gr.
1085 2994 1136 3047 pro
1157 2980 1233 3103 aad&
1253 2972 1348 3051 ὥσπερ

318 3050 373 3101 ιλιι.
446 3049 490 3103 20.
507 3049 651 3121 τριηρικῶν
671 3056 744 3107 coni.
763 3052 795 3106 ri.
869 3053 913 3108 23.
934 3054 1027 3120 Eurip.
1047 3052 1112 3105 Hoc.
1129 3051 1190 3103 ΕΙ).
1233 3089 1240 3101 .

191 3144 193 3147 ’
247 3148 294 3215 qni
314 3161 363 3212 pro
383 3146 442 3197 eius
461 3146 517 3198 iiiio
537 3164 638 3200 summa
656 3150 796 3203 voluntate
816 3150 969 3202 dimicaturi
989 3150 1160 3201 viderentur:
1188 3149 1258 3211 sire,
1276 3149 1299 3199 si
1316 3149 1346 3200 id

246 3220 336 3271 minus
354 3218 490 3283 probaret,
509 3226 637 3283 metuens,
648 3237 693 3285 ne,
712 3222 734 3271 si
754 3235 822 3273 ενοι
839 3228 928 3289 spreta
947 3224 1047 3287 pietate
1057 3218 1231 3273 exacerbatus
1245 3218 1346 3271 bellum

247 3304 326 3359 quam
345 3304 437 3355 pacem
464 3290 570 3354 mallet,
599 3290 716 3344 validam
741 3308 846 3343 manum
869 3293 902 3345 ad
920 3308 951 3345 se
973 3292 1181 3360 oppugnandum
1205 3293 1347 3356 emitteret,

248 3360 320 3429 quud
342 3351 454 3429 propter
474 3359 721 3428 Constantinopolis
743 3363 910 3416 vicinitatem
933 3363 1016 3415 facile
1036 3370 1137 3430 posset,
1159 3360 1346 3430 cbristopolin

247 3434 332 3501 igitur
352 3448 381 3483 se
400 3434 545 3499 conferret,
565 3437 691 3502 oppidum
703 3433 784 3485 simul
804 3443 898 3487 natura
915 3436 971 3487 loci
993 3442 1019 3487 et
1029 3437 1111 3487 muris
1123 3435 1225 3486 firmum
1235 3450 1266 3485 ac
1284 3451 1347 3487 mu·

248 3506 343 3567 nitunt,
368 3504 447 3555 simul
474 3504 549 3557 velut
574 3506 707 3574 quoddam
733 3506 877 3559 claustrum
905 3508 932 3559 in
950 3508 1040 3559 medio
1060 3507 1199 3574 utriusque
1219 3506 1349 3571 climatis,

249 3574 433 3627 occidentales
458 3578 550 3642 copias
577 3578 701 3648 ingentes
729 3585 755 3629 et
785 3577 896 3644 praeliis
917 3579 1088 3642 assuefactae,
1117 3576 1149 3629 ab
1169 3577 1348 3629 orientalibus

248 3662 280 3698 ac
298 3646 431 3699 Threiciis
456 3646 608 3713 secludens,
637 3648 740 3701 adhaec
758 3650 917 3702 maritimum
943 3657 971 3702 et
988 3651 1019 3702 ad
1039 3648 1140 3701 auxilia
1159 3649 1348 3717 undecumque

248 3735 265 3769 e
283 3718 349 3769 mari
374 3718 536 3783 accipienda
560 3721 612 3771 situ
640 3722 817 3774 commodum.
853 3722 900 3774 Sic
924 3723 1028 3774 demum
1048 3721 1121 3773 finita
1140 3719 1349 3785 deliberatione,

249 3788 366 3857 valeque
387 3790 505 3841 invicem
525 3790 609 3854 dicto,
628 3791 793 3861 Syrgiannes
818 3794 847 3845 in
865 3792 987 3857 Threcia,
1011 3801 1041 3843 ut
1065 3808 1121 3845 earn
1140 3792 1348 3856 administraret,

213 3870 214 3873 ’
250 3861 392 3923 remansit,
417 3856 621 3915 Cautacusenus
649 3860 902 3931 Constantinopolin
935 3866 987 3916 iter
1012 3856 1144 3927 intendit,
1175 3878 1258 3915 uxore
1283 3862 1349 3914 Cai-

249 3929 350 3998 liupoli
370 3930 476 3996 relicta,
494 3935 522 3985 in
544 3948 596 4011 ρυιι
616 3934 682 3987 urbe
701 3935 845 4003 plurimum
866 3934 1088 4001 commorabatur,
1109 3937 1204 4002 partim
1224 3936 1296 4003 quod
1317 3950 1350 3987 ea

250 4003 283 4055 ad
313 4000 484 4055 barbarorum
513 4006 679 4071 irruptiones
709 4008 893 4074 probibendus
922 4008 1029 4071 idonee,
1058 4009 1153 4073 partim
1185 4005 1257 4075 quod
1288 4022 1348 4058 cum

249 4080 305 4125 tota
326 4073 420 4126 classis
440 4074 540 4128 ibidem
560 4084 640 4129 staret
659 4087 802 4149 essentque
826 4082 950 4133 triremes
970 4084 997 4131 et
1014 4077 1147 4131 classiarii
1166 4078 1253 4141 multi,
1272 4079 1348 4131 indi-

251 4160 338 4214 genae
363 4148 485 4213 regionis
511 4147 717 4215 expediebantur
740 4167 773 4203 ac
796 4151 1000 4220 premebantur,
1025 4152 1133 4203 nemine
1157 4164 1205 4203 eos
1229 4156 1348 4201 terrente

156 4276 163 4291 Ι
251 4232 399 4286 eorumque
420 4219 534 4287 impetus
554 4220 709 4273 cohibente·
754 4222 866 4275 Nautica
885 4225 987 4291 quippe
1005 4220 1118 4274 licentia
1138 4219 1287 4275 violentior
1307 4227 1349 4271 est

251 4288 326 4357 ipae,
345 4294 375 4341 nt
391 4288 460 4343 dixit
469 4292 612 4361 quispiam.
622 4291 744 4363 iisiipnit
755 4301 842 4348 autem
860 4293 921 4347 iilic
934 4308 1044 4348 uxorem
1063 4308 1124 4347 cam
1136 4292 1243 4347 feminis
1255 4290 1347 4345 bono·
