3025 4900
594 361 704 424 orem
735 365 762 426 1.
804 410 811 422 .
1206 331 1231 415 t

131 523 191 595 loqu
212 519 350 576 monacha
372 539 455 594 super
478 519 595 578 induciis
619 535 745 594 reqatum
768 524 875 589 accedit
892 521 968 590 (υ).
1004 524 1092 596 Nepos
1115 542 1232 594 respon-
1264 563 1275 576 .

130 595 209 659 dens,
240 612 270 647 se
296 597 339 647 in.
360 609 440 668 aquas
464 597 691 662 officiosissimum
718 596 888 649 demonstrat.
944 597 1017 653 Aous
1043 597 1233 649 iusiurandum

130 667 191 731 dat,
225 675 251 718 st
276 666 532 720 anathematismum
559 667 708 720 rescindit:
740 670 887 732 irascitur,
920 669 1052 721 lsominem
1079 667 1110 721 de
1138 670 1232 735 infima

128 739 202 809 pleis
228 736 264 788 ad
291 754 321 789 se
349 740 497 790 iuramenti
525 739 649 808 ecipcndi
675 743 794 792 missum.
838 740 951 792 Factum
980 749 1127 792 excusatur
1155 737 1230 805 (23).

129 808 331 880 Adrianopolin
357 828 386 862 se
413 811 511 878 recipit
537 827 637 878 nepos,
665 829 695 862 eo
724 828 837 863 uaorem
862 819 962 864 euocat.
1004 813 1170 880 Sqrpiannes
1196 810 1232 863 ad

128 897 217 934 senens
245 879 352 946 deficit:
378 879 508 934 obiectum
531 881 660 951 perfidiae
688 884 790 934 crimen
816 890 896 950 neqnt
921 879 997 946 (24).
1036 882 1095 935 Itur
1122 883 1230 947 infestis

128 949 750 1087 millii‘'‘lssdli'lli'riiiliii
766 953 1142 1077 stillicidiali
1160 971 1231 1076 itt

127 1095 173 1166 plo
200 1092 314 1156 arulsa,
337 1061 388 1164 pro
412 1096 522 1163 captiua
548 1092 690 1148 adducitur
711 1094 964 1164 Constantinopolin
983 1095 1058 1160 (26).
1095 1095 1156 1147 Pac
1199 1113 1231 1146 e-

129 1167 205 1217 titur.
242 1164 351 1218 ldorius
379 1167 517 1231 iunioris,
544 1183 562 1218 α
589 1183 639 1234 quo
665 1165 891 1236 stratopedarclsa
918 1165 1042 1219 desciscit
1063 1165 1138 1231 (27).
1174 1114 1231 1217 le·

129 1237 287 1302 neficentiae
316 1238 408 1305 maqns'
435 1235 591 1300 domestici,
627 1239 735 1305 eiusque
768 1239 867 1289 matris
904 1237 1054 1290 llseodorae
1083 1237 1230 1306 maqnani-

129 1310 209 1359 nitas
232 1305 308 1372 (²8).
346 1305 452 1377 Oppida
471 1308 540 1376 Apri
559 1307 638 1372 (29),
652 1308 798 1374 caretis,
825 1308 1020 1372 llleaedestum‚
1048 1311 1230 1377 Serpentsium

130 1386 309 1447 occupantur,
344 1381 425 1432 Sacci
455 1388 611 1432 exuruntur.
655 1379 900 1450 Stratopedarclsae
925 1381 1057 1450 perfidia,
1084 1379 1230 1448 Sprmpani

129 1451 250 1520 pastoris
275 1449 395 1516 fidelitas
422 1451 452 1500 in
482 1449 614 1503 dominum
646 1459 672 1503 st
698 1454 805 1504 coritas
832 1452 862 1502 in
887 1454 1027 1508 inimicum
1059 1449 1229 1502 admirabilis

131 1518 205 1587 (30).
223 1519 337 1589 Nepotis
353 1519 493 1572 inlostem
504 1521 611 1574 lenitas.
641 1522 834 1576 Constantinus
851 1521 963 1592 despota
980 1524 1102 1590 captivus
1120 1523 1151 1573 in
1167 1523 1230 1573 cin-

129 1592 192 1644 eula
210 1593 367 1644 coniicitur.
403 1591 455 1655 Qui
478 1593 569 1645 Xenae
597 1594 767 1662 imperatrici
794 1611 889 1646 manus
913 1593 1045 1647 uiolentas
1071 1594 1229 1655 attulerant,

129 1665 287 1733 puniuntur.
324 1662 496 1716 Lemniorum
514 1661 550 1716 ad
569 1674 689 1733 nepotem
708 1665 839 1730 defectio:
866 1683 941 1733 quem
962 1664 1141 1732 formidantes
1159 1661 1230 1715 Per-

130 1753 195 1798 sae,
222 1732 329 1786 deserto
346 1752 414 1798 aco,
442 1737 487 1786 cui
507 1735 615 1788 aumiio
633 1735 789 1800 ueniebant,
817 1737 847 1788 in
865 1740 995 1789 orientem
1015 1736 1132 1806 turpiter
1149 1736 1230 1802 refu-

129 1809 206 1875 qiunt
227 1802 303 1870 (31).
340 1804 467 1858 Poscitur
483 1823 592 1876 pacem,
618 1824 697 1874 quam
718 1806 785 1859 dare
803 1810 919 1876 coqitat,
946 1811 988 1859 ita
1005 1818 1035 1860 ut
1053 1811 1127 1876 ipse,
1147 1823 1229 1857 ecer-

130 1880 216 1942 eitus,
246 1875 340 1940 urbes,
369 1885 426 1929 tota
450 1877 560 1946 imperii
585 1876 788 1930 administratio
807 1896 887 1948 penes
908 1883 1040 1932 seniorem
1060 1883 1114 1930 sint
1132 1876 1164 1928 de
1182 1894 1230 1932 ce·
1321 1901 1330 1926 x

131 1957 196 2000 tero.
236 1947 385 2000 conciones
412 1949 604 2018 imperatoris,
632 1958 657 2002 et
685 1950 868 2002 Gantacuseni
894 1951 931 2002 ad
953 1952 1091 2020 principes
1120 1957 1145 2000 et
1177 1946 1230 2000 du·

130 2037 173 2071 ces
192 2021 329 2070 exercitus
343 2015 417 2084 (32).
444 2021 608 2088 Responsum
626 2023 732 2090 nepotis
750 2020 786 2073 ad
803 2039 882 2072 arum
899 2022 931 2074 de
946 2019 1025 2093 paei's
1034 2017 1230 2073 conditionibus

132 2087 204 2154 (33).
244 2089 340 2141 Actum
359 2091 468 2159 qratias
488 2101 514 2144 et
535 2109 629 2160 paoem
647 2094 832 2158 confirmatum
851 2093 927 2144 Xena
945 2091 981 2144 ad
998 2093 1086 2159 filium
1104 2093 1229 2142 mittitur.

131 2159 305 2214 Conditiones
330 2179 412 2214 senec
437 2163 553 2232 accipit,
590 2161 627 2214 ad
655 2180 730 2230 quem
763 2163 937 2218 salutandum
961 2182 1042 2233 nepos
1071 2161 1232 2230 Byzantium

132 2231 269 2284 concedit:
295 2232 345 2284 ille
369 2231 472 2285 cloiam
495 2251 524 2285 se
549 2235 613 2300 sert.
649 2235 690 2286 ttt
714 2234 875 2288 consuetudo
900 2235 1030 2303 quaedam
1052 2233 1232 2301 imperatoria

132 2303 297 2355 declaratur.
335 2302 392 2356 llna
414 2306 446 2355 in
469 2304 559 2356 urlem
581 2304 778 2374 inprediuntur.
815 2306 868 2358 Die
894 2309 1015 2374 sequenti
1037 2306 1176 2374 Deiparae
1199 2301 1232 2352 de

131 2376 254 2440 confecta
280 2392 348 2443 pace
373 2369 457 2444 nlpos
484 2377 591 2445 pretias
621 2379 688 2445 aqit.
725 2377 759 2430 ln
781 2377 890 2447 palatio
917 2394 977 2428 cum
1002 2395 1051 2429 aco
1078 2377 1150 2445 depit
1173 2373 1232 2425 ali-

133 2444 275 2569 Bsamdiu:
307 2444 344 2498 ad
375 2465 434 2499 eum
461 2446 633 2517 spectandum
659 2451 813 2517 frequentes
839 2448 955 2518 undique
982 2466 1128 2502 concursus
1155 2448 1230 2513 fiunt.

158 2516 347 2585 idymoticlsum
375 2518 448 2570 redit
475 2516 552 2584 (34).
607 2520 839 2588 Sptemtsettates
864 2522 955 2573 morio
982 2522 1094 2584 interit,
1124 2519 1233 2569 Tertere

131 2588 187 2653 filio
212 2606 387 2656 successore,
414 2607 432 2642 a
459 2607 509 2659 quo
537 2588 734 2661 Philippopolis
761 2594 877 2661 capitur.
914 2594 1001 2661 Nepos
1026 2592 1158 2643 Moesiam
1184 2590 1231 2638 in-

132 2677 261 2725 cursans,
287 2660 405 2729 praedas
432 2662 553 2730 inqentes
579 2665 654 2731 opit,
682 2673 707 2716 et
732 2661 860 2731 lipsantii
883 2664 1060 2733 Sqrpiannem
1085 2665 1116 2713 in
1142 2676 1231 2711 senem

131 2732 330 2784 coniurationis
356 2750 432 2785 reum
462 2735 494 2785 in
517 2749 628 2785 carcere
651 2735 768 2785 incenit:
797 2736 827 2787 in
853 2752 946 2803 quem,
973 2734 1133 2800 sacta-licet
1151 2740 1231 2800 pote-

131 2810 218 2865 state,
244 2806 406 2855 sententiam
432 2804 506 2871 ferre
532 2804 625 2857 abnuit
652 2800 727 2870 (35).
771 2806 889 2857 Moritur
916 2806 1045 2857 Terteres.
1083 2803 1231 2872 Complura

131 2872 250 2926 lloesiae
269 2874 368 2943 oppida
385 2872 538 2928 Andronico
557 2875 656 2927 musori
681 2893 711 2929 se
736 2875 850 2929 dedunt.-
874 2877 982 2945 reliqua
1008 2874 1152 2937 Bonitas,
1180 2874 1230 2923 de-

129 2946 216 3009 functi
240 2948 316 3015 repis
338 2956 468 3015 patruus,
494 2946 677 2999 siliasserit.
714 2947 766 2999 Ass
784 2951 925 2999 commissu
946 2965 1027 3015 nepos
1050 2946 1231 3014 Philippopo-

130 3016 185 3079 lin,
219 3014 267 3067 sed
294 3018 418 3083 frustra,
451 3026 593 3087 oppuqnat.
647 3016 791 3082 llaclsina,
819 3018 958 3069 cuiusdam
990 3018 1118 3069 Germani
1156 3029 1231 3075 cus,

130 3086 146 3135 d
178 3088 291 3157 inqitur.
328 3088 369 3140 De
395 3087 522 3141 Boesilae
548 3088 619 3141 socii
646 3097 672 3140 et
690 3090 782 3143 ,antei
805 3098 892 3140 morte
917 3089 1007 3154 salsus
1031 3091 1125 3138 rrimor
1155 3033 1229 3148 (l6).

128 3104 327 3227 l’zlippopolis
352 3162 468 3226 fortuito
486 3168 664 3229 recuperatur
684 3156 759 3223 (37).
797 3159 904 3211 Bellum
928 3161 958 3211 in
981 3158 1111 3211 tartaros
1135 3154 1230 3207 decer·

129 3230 220 3294 nitur,
248 3230 384 3281 incassum
411 3230 629 3283 dissentientibus
654 3232 772 3283 senioris
790 3232 977 3295 consiliariis,
1003 3248 1021 3282 a
1047 3246 1097 3296 quo
1118 3244 1230 3295 maqnus

129 3298 289 3351 domesticus
317 3302 517 3355 commendatur
547 3299 621 3367 (38).
669 3300 730 3354 Pae
759 3312 785 3355 et
815 3302 910 3370 foedus
940 3305 1011 3354 inter
1042 3303 1229 3366 imperatores,

130 3380 154 3421 et
180 3371 320 3437 laesum,
346 3376 452 3441 quicum
479 3375 597 3426 iunioris
623 3381 707 3441 nupta
735 3383 796 3427 erat
821 3392 907 3426 soror.
962 3375 1022 3427 etos
1050 3372 1230 3422 Romanorum

129 3444 339 3565 titt't‘mt‘:
358 3444 1106 3585 tattittttttt“timit‘tmmtttt‘
1117 3441 1230 3581 itit.

233 3552 240 3565 ·
1081 3552 1090 3578 r

127 3593 231 3652 partem
263 3583 378 3638 Romani
406 3585 551 3640 trucidant.
597 3584 664 3637 Cum
690 3588 851 3655 Scytharum
883 3587 995 3655 quodam
1028 3585 1092 3637 duce
1124 3584 1229 3653 nepotis

127 3672 161 3707 es
191 3654 283 3707 altera
305 3658 371 3726 ripa
398 3659 563 3725 colloquium
590 3652 665 3723 (39).
720 3658 800 3710 trene
827 3660 926 3710 conius
951 3658 1020 3709 diem
1048 3656 1118 3720 obit,
1148 3654 1230 3706 Anna
1288 3663 1290 3666 '

126 3724 282 3778 Salaudiae
308 3731 415 3781 comitis
440 3728 502 3797 filia
528 3730 632 3781 iuniori
658 3728 694 3781 od
717 3729 876 3781 connubium
900 3732 1003 3799 petitur
1023 3724 1106 3793 (40);
1134 3729 1229 3795 ipseo

125 3797 288 3865 perstante
308 3798 385 3852 lsaia
402 3799 508 3853 solenni
526 3800 693 3865 ceremonia,
721 3817 801 3867 quam
826 3809 922 3853 auctor
946 3810 1074 3853 accurate
1151 3798 1229 3859 licat,

126 3878 275 3921 coronatur
296 3866 372 3935 (it).
409 3869 504 3923 Annae
525 3889 539 3923 e
559 3870 696 3924 Salaudia
715 3871 835 3923 illustris
854 3870 996 3936 aduentus,
1016 3816 1229 3939 quaeffqsan-

126 3942 160 3990 tii
184 3938 326 4009 splendide
348 3946 468 4011 peractis
493 3944 612 4011 nuptiis,
639 3944 701 4011 ipsa
725 3959 828 4009 quoque
850 3961 952 3996 corona
976 3942 1106 3995 induitur.
1142 3938 1229 3991 Noli·

125 4010 164 4063 les
182 4012 306 4064 saaca
330 4014 480 4083 complures
505 4015 584 4082 quusi
608 4032 658 4082 per
682 4013 876 4065 successionem
898 4024 1006 4067 manent
1032 4012 1229 4065 Constantino·

123 4082 198 4150 poli,
232 4091 259 4135 et
282 4087 476 4153 imperatorem
502 4086 623 4137 iuuenem
650 4084 765 4137 ludicris
793 4085 897 4137 artibus
927 4088 1081 4137 instituunt.
1125 4082 1229 4134 Persae

15 4172 16 4181 ¹
123 4154 273 4222 praedones
300 4155 460 4209 caeduntur.
504 4156 655 4226 imperator
680 4155 773 4224 pedem
799 4158 902 4226 supitta
925 4158 1092 4209 vulneratur.
1135 4150 1230 4219 dloqui

123 4225 266 4279 domestici
284 4230 315 4279 in
330 4246 424 4297 puqna
443 4230 537 4281 cirtus.
584 4228 702 4281 Miclsael
721 4228 876 4281 Moesorum
895 4246 945 4279 rea
971 4228 1074 4278 Zernae
1101 4241 1160 4276 cum
1177 4240 1229 4273 ne-

120 4307 182 4367 pote
200 4298 261 4350 dies
280 4298 389 4367 aliquot
416 4298 519 4352 lsilares
546 4302 612 4369 aqit.
651 4298 867 4369 Didymoticium
892 4315 1033 4362 reversus,
1058 4296 1090 4349 de
1117 4312 1168 4347 aro
1195 4292 1229 4345 ai

120 4387 148 4422 se
170 4372 231 4424 sine
253 4387 342 4423 cansa
367 4370 490 4423 alienato
516 4374 638 4425 nuntium
665 4372 767 4441 accipit
786 4367 862 4436 (42).
898 4368 1230 4439 Panlyperselastusre-
