<?xml version="1.0" encoding="UTF-8"?>
<!DOCTYPE html PUBLIC "-//W3C//DTD XHTML 1.0 Transitional//EN"
    "http://www.w3.org/TR/xhtml1/DTD/xhtml1-transitional.dtd">
<html xmlns="http://www.w3.org/1999/xhtml" xml:lang="en" lang="en">
 <head>
  <title>
</title>
<meta http-equiv="Content-Type" content="text/html;charset=utf-8" />
  <meta name='ocr-system' content='tesseract 3.04.00' />
  <meta name='ocr-capabilities' content='ocr_page ocr_carea ocr_par ocr_line ocrx_word'/>
</head>
<body>
  <div class='ocr_page' id='page_1' title='image "./corpusscriptoru32theogoog/corpusscriptoru32theogoog_0388.png"; bbox 0 0 3025 4900; ppageno 0'>
   <div class='ocr_carea' id='block_1_1' title="bbox 318 231 1003 362">
    <p class='ocr_par' dir='ltr' id='par_1_1' title="bbox 318 231 1003 362">
     <span class='ocr_line' id='line_1_1' title="bbox 318 231 1003 362; baseline -0.004 -46"><span class='ocrx_word' id='word_1_1' title='bbox 318 231 403 332; x_wconf 71' lang='grc'><strong><em>344</em></strong></span> <span class='ocrx_word' id='word_1_2' title='bbox 722 251 1003 362; x_wconf 65' lang='lat' dir='ltr'><strong>mutuemus</strong></span> 
     </span>
    </p>
   </div>
   <div class='ocr_carea' id='block_1_2' title="bbox 123 391 1442 2855">
    <p class='ocr_par' dir='ltr' id='par_1_2' title="bbox 160 391 1442 1675">
     <span class='ocr_line' id='line_1_2' title="bbox 172 391 1406 494; baseline -0.011 -16"><span class='ocrx_word' id='word_1_3' title='bbox 172 421 233 478; x_wconf 69' lang='lat' dir='ltr'><strong>tc.</strong></span> <span class='ocrx_word' id='word_1_4' title='bbox 248 427 373 493; x_wconf 73' lang='lat' dir='ltr'><strong>stupens</strong></span> <span class='ocrx_word' id='word_1_5' title='bbox 399 410 455 472; x_wconf 82' lang='grc' dir='ltr'><strong><em>καί</em></strong></span> <span class='ocrx_word' id='word_1_6' title='bbox 476 407 657 494; x_wconf 78' lang='grc' dir='ltr'><strong><em>τρέψονται</em></strong></span> <span class='ocrx_word' id='word_1_7' title='bbox 683 401 815 478; x_wconf 83' lang='grc' dir='ltr'><strong><em>αδτοός·</em></strong></span> <span class='ocrx_word' id='word_1_8' title='bbox 848 400 908 488; x_wconf 75' lang='grc' dir='ltr'><strong><em>τὴν</em></strong></span> <span class='ocrx_word' id='word_1_9' title='bbox 928 402 949 464; x_wconf 89' lang='grc' dir='ltr'><strong><em>δ</em></strong></span> <span class='ocrx_word' id='word_1_10' title='bbox 955 407 965 438; x_wconf 88' lang='lat'>&#39;</span> <span class='ocrx_word' id='word_1_11' title='bbox 985 392 1083 484; x_wconf 54' lang='lat' dir='ltr'><strong>isses</strong></span> <span class='ocrx_word' id='word_1_12' title='bbox 1108 391 1238 464; x_wconf 83' lang='grc' dir='ltr'><strong><em>άπασον</em></strong></span> <span class='ocrx_word' id='word_1_13' title='bbox 1263 398 1406 482; x_wconf 73' lang='grc' dir='ltr'><strong><em>δύναμιν</em></strong></span> 
     </span>
     <span class='ocr_line' id='line_1_3' title="bbox 321 495 1405 588; baseline -0.012 -16"><span class='ocrx_word' id='word_1_14' title='bbox 321 501 503 588; x_wconf 78' lang='grc' dir='ltr'><strong><em>άναλαβοόν,</em></strong></span> <span class='ocrx_word' id='word_1_15' title='bbox 530 501 605 586; x_wconf 83' lang='grc' dir='ltr'><strong><em>ἔστη</em></strong></span> <span class='ocrx_word' id='word_1_16' title='bbox 628 500 683 567; x_wconf 77' lang='grc' dir='ltr'><strong><em>ἐπί</em></strong></span> <span class='ocrx_word' id='word_1_17' title='bbox 702 495 874 586; x_wconf 72' lang='grc' dir='ltr'><strong><em>μετεώρου.</em></strong></span> <span class='ocrx_word' id='word_1_18' title='bbox 899 496 1099 586; x_wconf 80' lang='grc' dir='ltr'><strong><em>τριακοσίους</em></strong></span> <span class='ocrx_word' id='word_1_19' title='bbox 1113 497 1149 560; x_wconf 79' lang='grc' dir='ltr'><strong><em>δέ</em></strong></span> <span class='ocrx_word' id='word_1_20' title='bbox 1174 496 1405 577; x_wconf 70' lang='grc' dir='ltr'><strong><em>ἀπολεξάμενος</em></strong></span> 
     </span>
     <span class='ocr_line' id='line_1_4' title="bbox 317 591 1404 688; baseline -0.009 -19"><span class='ocrx_word' id='word_1_21' title='bbox 317 603 390 680; x_wconf 85' lang='grc' dir='ltr'><strong><em>τούς</em></strong></span> <span class='ocrx_word' id='word_1_22' title='bbox 410 607 486 687; x_wconf 83' lang='grc' dir='ltr'><strong><em>παρ’</em></strong></span> <span class='ocrx_word' id='word_1_23' title='bbox 504 599 591 688; x_wconf 62' lang='lat' dir='ltr'><strong>adalgi</strong></span> <span class='ocrx_word' id='word_1_24' title='bbox 607 597 858 681; x_wconf 77' lang='grc' dir='ltr'><strong><em>μαχιμωτάτους</em></strong></span> <span class='ocrx_word' id='word_1_25' title='bbox 879 595 1102 677; x_wconf 82' lang='grc' dir='ltr'><strong><em>ἱπποτοξότας,</em></strong></span> <span class='ocrx_word' id='word_1_26' title='bbox 1139 595 1254 670; x_wconf 82' lang='grc' dir='ltr'><strong><em>λ’ππους</em></strong></span> <span class='ocrx_word' id='word_1_27' title='bbox 1271 591 1404 678; x_wconf 80' lang='grc' dir='ltr'><strong><em>ἔχοντας</em></strong></span> 
     </span>
     <span class='ocr_line' id='line_1_5' title="bbox 160 688 1402 783; baseline -0.01 -14"><span class='ocrx_word' id='word_1_28' title='bbox 160 745 163 752; x_wconf 69' lang='lat'><strong>,</strong></span> <span class='ocrx_word' id='word_1_29' title='bbox 247 771 250 778; x_wconf 61' lang='grc'><strong><em>,</em></strong></span> <span class='ocrx_word' id='word_1_30' title='bbox 315 705 377 768; x_wconf 80' lang='grc' dir='ltr'><strong><em>τεόν</em></strong></span> <span class='ocrx_word' id='word_1_31' title='bbox 389 701 526 783; x_wconf 85' lang='grc' dir='ltr'><strong><em>μάλιστα</em></strong></span> <span class='ocrx_word' id='word_1_32' title='bbox 540 700 628 764; x_wconf 74' lang='grc' dir='ltr'><strong><em>θέειν</em></strong></span> <span class='ocrx_word' id='word_1_33' title='bbox 646 691 793 781; x_wconf 59' lang='lat' dir='ltr'><strong>alyattis,</strong></span> <span class='ocrx_word' id='word_1_34' title='bbox 827 697 986 761; x_wconf 73' lang='grc' dir='ltr'><strong><em>ἐκέλευσεν</em></strong></span> <span class='ocrx_word' id='word_1_35' title='bbox 1002 688 1110 771; x_wconf 82' lang='grc' dir='ltr'><strong><em>αότοίς</em></strong></span> <span class='ocrx_word' id='word_1_36' title='bbox 1126 692 1164 758; x_wconf 84' lang='grc' dir='ltr'><strong><em>σά</em></strong></span> <span class='ocrx_word' id='word_1_37' title='bbox 1185 690 1264 758; x_wconf 84' lang='grc' dir='ltr'><strong><em>κατά</em></strong></span> <span class='ocrx_word' id='word_1_38' title='bbox 1282 691 1402 758; x_wconf 81' lang='grc' dir='ltr'><strong><em>συστά·</em></strong></span> 
     </span>
     <span class='ocr_line' id='line_1_6' title="bbox 317 787 1423 883; baseline -0.009 -17"><span class='ocrx_word' id='word_1_39' title='bbox 317 803 384 883; x_wconf 89' lang='grc' dir='ltr'><strong><em>δην,</em></strong></span> <span class='ocrx_word' id='word_1_40' title='bbox 411 799 481 863; x_wconf 74' lang='grc' dir='ltr'><strong><em>ἄλλ’</em></strong></span> <span class='ocrx_word' id='word_1_41' title='bbox 499 799 532 876; x_wconf 84' lang='grc' dir='ltr'><strong><em>ἔξ</em></strong></span> <span class='ocrx_word' id='word_1_42' title='bbox 552 793 678 881; x_wconf 78' lang='grc' dir='ltr'><strong><em>ἐφόδων</em></strong></span> <span class='ocrx_word' id='word_1_43' title='bbox 701 797 937 877; x_wconf 74' lang='grc' dir='ltr'><strong><em>συμπλέκεσθαι</em></strong></span> <span class='ocrx_word' id='word_1_44' title='bbox 955 793 994 880; x_wconf 78' lang='grc' dir='ltr'><strong><em>τῇ</em></strong></span> <span class='ocrx_word' id='word_1_45' title='bbox 1011 792 1166 875; x_wconf 81' lang='grc' dir='ltr'><strong><em>βασιλέως</em></strong></span> <span class='ocrx_word' id='word_1_46' title='bbox 1185 793 1328 880; x_wconf 68' lang='grc' dir='ltr'><strong><em>στρατιᾷ,</em></strong></span> <span class='ocrx_word' id='word_1_47' title='bbox 1344 787 1423 856; x_wconf 56' lang='lat' dir='ltr'><strong><em>aab</em></strong></span> 
     </span>
     <span class='ocr_line' id='line_1_7' title="bbox 316 889 1403 979; baseline -0.008 -17"><span class='ocrx_word' id='word_1_48' title='bbox 316 896 462 972; x_wconf 75' lang='grc' dir='ltr'><strong><em>ἐπιόντας</em></strong></span> <span class='ocrx_word' id='word_1_49' title='bbox 477 898 536 976; x_wconf 83' lang='grc' dir='ltr'><strong><em>μέν</em></strong></span> <span class='ocrx_word' id='word_1_50' title='bbox 553 892 599 979; x_wconf 77' lang='grc' dir='ltr'><strong><em>μὴ</em></strong></span> <span class='ocrx_word' id='word_1_51' title='bbox 617 894 792 976; x_wconf 85' lang='grc' dir='ltr'><strong><em>δπομένειν,</em></strong></span> <span class='ocrx_word' id='word_1_52' title='bbox 812 891 893 958; x_wconf 71' lang='lat' dir='ltr'><strong>oillei</strong></span> <span class='ocrx_word' id='word_1_53' title='bbox 908 890 1081 979; x_wconf 82' lang='grc' dir='ltr'><strong><em>φεόχοντας</em></strong></span> <span class='ocrx_word' id='word_1_54' title='bbox 1099 889 1233 971; x_wconf 74' lang='grc' dir='ltr'><strong><em>τοξείαις</em></strong></span> <span class='ocrx_word' id='word_1_55' title='bbox 1244 893 1403 976; x_wconf 72' lang='grc' dir='ltr'><strong><em>χρῆσθαι,</em></strong></span> 
     </span>
     <span class='ocr_line' id='line_1_8' title="bbox 315 983 1399 1081; baseline -0.008 -19"><span class='ocrx_word' id='word_1_56' title='bbox 315 991 517 1081; x_wconf 80' lang='grc' dir='ltr'><strong><em>άναχωροόσι</em></strong></span> <span class='ocrx_word' id='word_1_57' title='bbox 539 995 574 1058; x_wconf 84' lang='grc' dir='ltr'><strong><em>δέ</em></strong></span> <span class='ocrx_word' id='word_1_58' title='bbox 595 983 689 1068; x_wconf 74' lang='grc' dir='ltr'><strong><em>αὖθις</em></strong></span> <span class='ocrx_word' id='word_1_59' title='bbox 710 993 923 1056; x_wconf 51' lang='grc' dir='ltr'><strong><em>ἐπιτίθεσθαι.</em></strong></span> <span class='ocrx_word' id='word_1_60' title='bbox 959 991 1136 1075; x_wconf 79' lang='grc' dir='ltr'><strong><em>συμβέβηκε</em></strong></span> <span class='ocrx_word' id='word_1_61' title='bbox 1164 989 1199 1052; x_wconf 85' lang='grc' dir='ltr'><strong><em>δέ</em></strong></span> <span class='ocrx_word' id='word_1_62' title='bbox 1222 985 1256 1054; x_wconf 87' lang='grc' dir='ltr'><strong><em>τό</em></strong></span> <span class='ocrx_word' id='word_1_63' title='bbox 1277 987 1399 1071; x_wconf 78' lang='grc' dir='ltr'><strong><em>μεταξά</em></strong></span> 
     </span>
     <span class='ocr_line' id='line_1_9' title="bbox 314 1082 1403 1180; baseline -0.007 -20"><span class='ocrx_word' id='word_1_64' title='bbox 314 1093 377 1160; x_wconf 69' lang='grc' dir='ltr'><strong><em>τοῖν</em></strong></span> <span class='ocrx_word' id='word_1_65' title='bbox 401 1092 644 1180; x_wconf 79' lang='grc' dir='ltr'><strong><em>στρατευμάτων</em></strong></span> <span class='ocrx_word' id='word_1_66' title='bbox 667 1091 858 1178; x_wconf 89' lang='grc' dir='ltr'><strong><em>άμφοτέρων</em></strong></span> <span class='ocrx_word' id='word_1_67' title='bbox 884 1085 959 1155; x_wconf 77' lang='lat' dir='ltr'><strong>isos</strong></span> <span class='ocrx_word' id='word_1_68' title='bbox 974 1091 1035 1172; x_wconf 75' lang='grc' dir='ltr'><strong><em>μὲν</em></strong></span> <span class='ocrx_word' id='word_1_69' title='bbox 1058 1082 1099 1174; x_wconf 81' lang='grc' dir='ltr'><strong><em>ἦν</em></strong></span> <span class='ocrx_word' id='word_1_70' title='bbox 1117 1085 1199 1154; x_wconf 88' lang='grc' dir='ltr'><strong><em>κατά</em></strong></span> <span class='ocrx_word' id='word_1_71' title='bbox 1217 1085 1291 1163; x_wconf 82' lang='grc' dir='ltr'><strong><em>τούς</em></strong></span> <span class='ocrx_word' id='word_1_72' title='bbox 1313 1087 1403 1152; x_wconf 82' lang='grc' dir='ltr'><strong><em>Ῥω-</em></strong></span> 
     </span>
     <span class='ocr_line' id='line_1_10' title="bbox 314 1181 1401 1279; baseline -0.009 -19"><span class='ocrx_word' id='word_1_73' title='bbox 314 1191 428 1278; x_wconf 87' lang='grc' dir='ltr'><strong><em>μαίους</em></strong></span> <span class='ocrx_word' id='word_1_74' title='bbox 446 1189 561 1274; x_wconf 85' lang='grc' dir='ltr'><strong><em>όμαλόν,</em></strong></span> <span class='ocrx_word' id='word_1_75' title='bbox 573 1215 606 1255; x_wconf 86' lang='grc' dir='ltr'><strong><em>τε</em></strong></span> <span class='ocrx_word' id='word_1_76' title='bbox 623 1183 705 1255; x_wconf 80' lang='grc' dir='ltr'><strong><em>εἶναι</em></strong></span> <span class='ocrx_word' id='word_1_77' title='bbox 720 1189 775 1254; x_wconf 82' lang='grc' dir='ltr'><strong><em>καί</em></strong></span> <span class='ocrx_word' id='word_1_78' title='bbox 786 1187 895 1279; x_wconf 75' lang='grc' dir='ltr'><strong><em>ῥᾴδιον</em></strong></span> <span class='ocrx_word' id='word_1_79' title='bbox 915 1186 996 1276; x_wconf 88' lang='grc' dir='ltr'><strong><em>πρός</em></strong></span> <span class='ocrx_word' id='word_1_80' title='bbox 1011 1185 1069 1265; x_wconf 86' lang='grc' dir='ltr'><strong><em>τάς</em></strong></span> <span class='ocrx_word' id='word_1_81' title='bbox 1084 1186 1284 1272; x_wconf 76' lang='grc' dir='ltr'><strong><em>ἱππηλασιόις,</em></strong></span> <span class='ocrx_word' id='word_1_82' title='bbox 1304 1181 1350 1261; x_wconf 66' lang='grc' dir='ltr'><strong><em>τό4</em></strong></span> <span class='ocrx_word' id='word_1_83' title='bbox 1359 1188 1401 1250; x_wconf 77' lang='grc' dir='ltr'><strong><em>δὲ</em></strong></span> 
     </span>
     <span class='ocr_line' id='line_1_11' title="bbox 313 1281 1442 1376; baseline -0.006 -20"><span class='ocrx_word' id='word_1_84' title='bbox 313 1291 393 1358; x_wconf 89' lang='grc' dir='ltr'><strong><em>κατά</em></strong></span> <span class='ocrx_word' id='word_1_85' title='bbox 411 1290 486 1369; x_wconf 75' lang='grc' dir='ltr'><strong><em>τούς</em></strong></span> <span class='ocrx_word' id='word_1_86' title='bbox 506 1293 639 1376; x_wconf 87' lang='grc' dir='ltr'><strong><em>Πέρσας</em></strong></span> <span class='ocrx_word' id='word_1_87' title='bbox 658 1289 695 1354; x_wconf 84' lang='lat' dir='ltr'><strong><em>ov‘</em></strong></span> <span class='ocrx_word' id='word_1_88' title='bbox 711 1287 809 1371; x_wconf 91' lang='grc' dir='ltr'><strong><em>μόνον</em></strong></span> <span class='ocrx_word' id='word_1_89' title='bbox 828 1281 959 1364; x_wconf 81' lang='grc' dir='ltr'><strong><em>άναντες</em></strong></span> <span class='ocrx_word' id='word_1_90' title='bbox 983 1289 1039 1352; x_wconf 80' lang='grc' dir='ltr'><strong><em>καί</em></strong></span> <span class='ocrx_word' id='word_1_91' title='bbox 1055 1285 1282 1372; x_wconf 77' lang='grc' dir='ltr'><strong><em>δυσπρόσοδον,</em></strong></span> <span class='ocrx_word' id='word_1_92' title='bbox 1313 1281 1442 1350; x_wconf 84' lang='grc' dir='ltr'><strong><em>άλλάιο</em></strong></span> 
     </span>
     <span class='ocr_line' id='line_1_12' title="bbox 187 1375 1402 1476; baseline -0.01 -16"><span class='ocrx_word' id='word_1_93' title='bbox 187 1407 191 1424; x_wconf 93' lang='grc'><strong>’</strong></span> <span class='ocrx_word' id='word_1_94' title='bbox 279 1395 368 1461; x_wconf 67' lang='lat' dir='ltr'><strong>usas*</strong></span> <span class='ocrx_word' id='word_1_95' title='bbox 383 1389 518 1476; x_wconf 84' lang='grc' dir='ltr'><strong><em>τάφροις</em></strong></span> <span class='ocrx_word' id='word_1_96' title='bbox 539 1389 714 1476; x_wconf 75' lang='grc' dir='ltr'><strong><em>αὐτοφυέσι</em></strong></span> <span class='ocrx_word' id='word_1_97' title='bbox 737 1386 917 1469; x_wconf 79' lang='grc' dir='ltr'><strong><em>πανταχόσε</em></strong></span> <span class='ocrx_word' id='word_1_98' title='bbox 935 1388 1187 1470; x_wconf 82' lang='grc' dir='ltr'><strong><em>διατετμημένου·</em></strong></span> <span class='ocrx_word' id='word_1_99' title='bbox 1207 1375 1302 1473; x_wconf 68' lang='lat' dir='ltr'><strong>pinni</strong></span> <span class='ocrx_word' id='word_1_100' title='bbox 1314 1387 1402 1466; x_wconf 79' lang='grc' dir='ltr'><strong><em>μάλ-</em></strong></span> 
     </span>
     <span class='ocr_line' id='line_1_13' title="bbox 313 1475 1401 1576; baseline -0.01 -20"><span class='ocrx_word' id='word_1_101' title='bbox 313 1497 367 1556; x_wconf 89' lang='grc' dir='ltr'><strong><em>λον</em></strong></span> <span class='ocrx_word' id='word_1_102' title='bbox 389 1487 420 1554; x_wconf 81' lang='lat' dir='ltr'><strong><em>oi</em></strong></span> <span class='ocrx_word' id='word_1_103' title='bbox 439 1486 597 1576; x_wconf 79' lang='grc' dir='ltr'><strong><em>βάρβαροι</em></strong></span> <span class='ocrx_word' id='word_1_104' title='bbox 620 1483 804 1562; x_wconf 70' lang='grc' dir='ltr'><strong><em>πεποιθότες</em></strong></span> <span class='ocrx_word' id='word_1_105' title='bbox 826 1483 964 1573; x_wconf 78' lang='grc' dir='ltr'><strong><em>έπῄεσαν</em></strong></span> <span class='ocrx_word' id='word_1_106' title='bbox 987 1481 1172 1567; x_wconf 83' lang='grc' dir='ltr'><strong><em>Ῥωμαίοις.</em></strong></span> <span class='ocrx_word' id='word_1_107' title='bbox 1201 1479 1326 1559; x_wconf 89' lang='grc' dir='ltr'><strong><em>τοότοις</em></strong></span> <span class='ocrx_word' id='word_1_108' title='bbox 1337 1475 1401 1562; x_wconf 73' lang='grc' dir='ltr'><strong><em>μέν</em></strong></span> 
     </span>
     <span class='ocr_line' id='line_1_14' title="bbox 314 1581 1400 1675; baseline -0.006 -22"><span class='ocrx_word' id='word_1_109' title='bbox 314 1581 372 1654; x_wconf 78' lang='grc' dir='ltr'><strong><em>σόν</em></strong></span> <span class='ocrx_word' id='word_1_110' title='bbox 397 1597 463 1664; x_wconf 79' lang='grc' dir='ltr'><strong><em>τοῖς</em></strong></span> <span class='ocrx_word' id='word_1_111' title='bbox 484 1588 678 1675; x_wconf 85' lang='grc' dir='ltr'><strong><em>τριακοσίοις</em></strong></span> <span class='ocrx_word' id='word_1_112' title='bbox 707 1587 936 1672; x_wconf 79' lang='grc' dir='ltr'><strong><em>προσετέτακτο</em></strong></span> <span class='ocrx_word' id='word_1_113' title='bbox 961 1582 1014 1652; x_wconf 89' lang='grc' dir='ltr'><strong><em>τόν</em></strong></span> <span class='ocrx_word' id='word_1_114' title='bbox 1041 1582 1158 1670; x_wconf 77' lang='grc' dir='ltr'><strong><em>τρόπον</em></strong></span> <span class='ocrx_word' id='word_1_115' title='bbox 1177 1585 1291 1648; x_wconf 74' lang='grc' dir='ltr'><strong><em>τοῦτον</em></strong></span> <span class='ocrx_word' id='word_1_116' title='bbox 1316 1605 1400 1662; x_wconf 87' lang='grc' dir='ltr'><strong><em>συμ-</em></strong></span> 
     </span>
    </p>

    <p class='ocr_par' dir='ltr' id='par_1_3' title="bbox 123 1674 1440 2757">
     <span class='ocr_line' id='line_1_15' title="bbox 123 1674 1398 1770; baseline -0.009 -17"><span class='ocrx_word' id='word_1_117' title='bbox 123 1679 127 1689; x_wconf 57' lang='grc'><strong>“</strong></span> <span class='ocrx_word' id='word_1_118' title='bbox 226 1713 229 1720; x_wconf 85' lang='grc'>’</span> <span class='ocrx_word' id='word_1_119' title='bbox 312 1690 483 1752; x_wconf 77' lang='grc' dir='ltr'><strong><em>πλέκεσθαι</em></strong></span> <span class='ocrx_word' id='word_1_120' title='bbox 498 1686 682 1768; x_wconf 80' lang='grc' dir='ltr'><strong><em>Ῥωμαίοις.</em></strong></span> <span class='ocrx_word' id='word_1_121' title='bbox 705 1682 832 1770; x_wconf 74' lang='grc' dir='ltr'><strong><em>ἐτέρους</em></strong></span> <span class='ocrx_word' id='word_1_122' title='bbox 848 1686 885 1749; x_wconf 83' lang='grc' dir='ltr'><strong><em>δέ</em></strong></span> <span class='ocrx_word' id='word_1_123' title='bbox 902 1686 1027 1767; x_wconf 80' lang='grc' dir='ltr'><strong><em>χιλίους</em></strong></span> <span class='ocrx_word' id='word_1_124' title='bbox 1046 1674 1179 1748; x_wconf 72' lang='grc' dir='ltr'><strong><em>όπισδεν</em></strong></span> <span class='ocrx_word' id='word_1_125' title='bbox 1197 1679 1304 1746; x_wconf 78' lang='grc' dir='ltr'><strong><em>αάτοόν</em></strong></span> <span class='ocrx_word' id='word_1_126' title='bbox 1324 1681 1398 1755; x_wconf 80' lang='grc' dir='ltr'><strong><em>έπέ-</em></strong></span> 
     </span>
     <span class='ocr_line' id='line_1_16' title="bbox 313 1772 1440 1871; baseline -0.007 -21"><span class='ocrx_word' id='word_1_127' title='bbox 313 1807 408 1871; x_wconf 86' lang='grc' dir='ltr'><strong><em>στησε</em></strong></span> <span class='ocrx_word' id='word_1_128' title='bbox 430 1783 511 1850; x_wconf 88' lang='grc' dir='ltr'><strong><em>κατά</em></strong></span> <span class='ocrx_word' id='word_1_129' title='bbox 532 1782 589 1861; x_wconf 90' lang='grc' dir='ltr'><strong><em>τάς</em></strong></span> <span class='ocrx_word' id='word_1_130' title='bbox 611 1779 752 1871; x_wconf 85' lang='grc' dir='ltr'><strong><em>τάφρους</em></strong></span> <span class='ocrx_word' id='word_1_131' title='bbox 772 1781 828 1847; x_wconf 83' lang='grc' dir='ltr'><strong><em>καί</em></strong></span> <span class='ocrx_word' id='word_1_132' title='bbox 842 1781 901 1858; x_wconf 89' lang='grc' dir='ltr'><strong><em>τάς</em></strong></span> <span class='ocrx_word' id='word_1_133' title='bbox 918 1779 1109 1869; x_wconf 72' lang='grc' dir='ltr'><strong><em>δυσχωρίας,</em></strong></span> <span class='ocrx_word' id='word_1_134' title='bbox 1130 1776 1173 1857; x_wconf 77' lang='grc' dir='ltr'><strong><em>ὥς</em></strong></span> <span class='ocrx_word' id='word_1_135' title='bbox 1189 1772 1239 1858; x_wconf 83' lang='grc' dir='ltr'><strong><em>άν,</em></strong></span> <span class='ocrx_word' id='word_1_136' title='bbox 1265 1779 1296 1844; x_wconf 84' lang='grc' dir='ltr'><strong><em>εί</em></strong></span> <span class='ocrx_word' id='word_1_137' title='bbox 1319 1775 1440 1842; x_wconf 77' lang='grc' dir='ltr'><strong><em>διό-15</em></strong></span> 
     </span>
     <span class='ocr_line' id='line_1_17' title="bbox 311 1871 1395 1971; baseline -0.009 -22"><span class='ocrx_word' id='word_1_138' title='bbox 311 1907 414 1949; x_wconf 90' lang='grc' dir='ltr'><strong><em>κοιντο</em></strong></span> <span class='ocrx_word' id='word_1_139' title='bbox 432 1881 463 1947; x_wconf 84' lang='grc' dir='ltr'><strong><em>οἱ</em></strong></span> <span class='ocrx_word' id='word_1_140' title='bbox 478 1883 652 1971; x_wconf 91' lang='grc' dir='ltr'><strong><em>τριακόσιοι</em></strong></span> <span class='ocrx_word' id='word_1_141' title='bbox 670 1881 748 1967; x_wconf 85' lang='grc' dir='ltr'><strong><em>πρός</em></strong></span> <span class='ocrx_word' id='word_1_142' title='bbox 767 1882 829 1946; x_wconf 78' lang='grc' dir='ltr'><strong><em>τῶν</em></strong></span> <span class='ocrx_word' id='word_1_143' title='bbox 846 1881 1020 1963; x_wconf 87' lang='grc' dir='ltr'><strong><em>Ῥωμαίων,</em></strong></span> <span class='ocrx_word' id='word_1_144' title='bbox 1041 1873 1135 1944; x_wconf 69' lang='lat' dir='ltr'><strong>edroi</strong></span> <span class='ocrx_word' id='word_1_145' title='bbox 1149 1874 1226 1965; x_wconf 86' lang='grc' dir='ltr'><strong><em>πρός</em></strong></span> <span class='ocrx_word' id='word_1_146' title='bbox 1244 1873 1285 1958; x_wconf 82' lang='grc' dir='ltr'><strong><em>τά</em></strong></span> <span class='ocrx_word' id='word_1_147' title='bbox 1300 1871 1395 1940; x_wconf 83' lang='grc' dir='ltr'><strong><em>στενά</em></strong></span> 
     </span>
     <span class='ocr_line' id='line_1_18' title="bbox 310 1971 1399 2066; baseline -0.01 -18"><span class='ocrx_word' id='word_1_148' title='bbox 310 1977 444 2058; x_wconf 74' lang='grc' dir='ltr'><strong><em>ἑσταότες</em></strong></span> <span class='ocrx_word' id='word_1_149' title='bbox 472 1977 633 2062; x_wconf 88' lang='grc' dir='ltr'><strong><em>άμόνωσιν</em></strong></span> <span class='ocrx_word' id='word_1_150' title='bbox 662 1974 781 2054; x_wconf 77' lang='grc' dir='ltr'><strong><em>αὐτοῖς·</em></strong></span> <span class='ocrx_word' id='word_1_151' title='bbox 807 1974 1004 2066; x_wconf 71' lang='grc' dir='ltr'><strong><em>ἑκατέρωθέν</em></strong></span> <span class='ocrx_word' id='word_1_152' title='bbox 1024 2002 1060 2044; x_wconf 85' lang='grc' dir='ltr'><strong><em>τε</em></strong></span> <span class='ocrx_word' id='word_1_153' title='bbox 1082 1971 1187 2042; x_wconf 72' lang='lat' dir='ltr'><strong>oiseis</strong></span> <span class='ocrx_word' id='word_1_154' title='bbox 1205 1975 1329 2060; x_wconf 80' lang='grc' dir='ltr'><strong><em>χιλίους</em></strong></span> <span class='ocrx_word' id='word_1_155' title='bbox 1343 1977 1399 2062; x_wconf 85' lang='grc' dir='ltr'><strong><em>έφ’</em></strong></span> 
     </span>
     <span class='ocr_line' id='line_1_19' title="bbox 310 2067 1394 2168; baseline -0.005 -23"><span class='ocrx_word' id='word_1_156' title='bbox 310 2075 430 2168; x_wconf 69' lang='grc' dir='ltr'><strong><em>ἑκάστῳ</em></strong></span> <span class='ocrx_word' id='word_1_157' title='bbox 448 2081 540 2164; x_wconf 83' lang='grc' dir='ltr'><strong><em>μέρει</em></strong></span> <span class='ocrx_word' id='word_1_158' title='bbox 559 2082 614 2163; x_wconf 83' lang='grc' dir='ltr'><strong><em>τῆς</em></strong></span> <span class='ocrx_word' id='word_1_159' title='bbox 630 2078 730 2164; x_wconf 73' lang='grc' dir='ltr'><strong><em>αὐτῆς</em></strong></span> <span class='ocrx_word' id='word_1_160' title='bbox 747 2081 838 2142; x_wconf 79' lang='grc' dir='ltr'><strong><em>ἓνεκα</em></strong></span> <span class='ocrx_word' id='word_1_161' title='bbox 857 2078 971 2154; x_wconf 79' lang='grc' dir='ltr'><strong><em>αἰτίας.</em></strong></span> <span class='ocrx_word' id='word_1_162' title='bbox 990 2072 1140 2162; x_wconf 81' lang='grc' dir='ltr'><strong><em>βασιλεός</em></strong></span> <span class='ocrx_word' id='word_1_163' title='bbox 1162 2077 1198 2140; x_wconf 76' lang='grc' dir='ltr'><strong><em>δὲ</em></strong></span> <span class='ocrx_word' id='word_1_164' title='bbox 1220 2077 1290 2140; x_wconf 61' lang='grc' dir='ltr'><strong><em>ἕπει*</em></strong></span> <span class='ocrx_word' id='word_1_165' title='bbox 1308 2067 1394 2160; x_wconf 62' lang='lat' dir='ltr'><strong>{cipe</strong></span> 
     </span>
     <span class='ocr_line' id='line_1_20' title="bbox 309 2171 1395 2264; baseline -0.006 -20"><span class='ocrx_word' id='word_1_166' title='bbox 309 2177 385 2254; x_wconf 80' lang='grc' dir='ltr'><strong><em>τούς</em></strong></span> <span class='ocrx_word' id='word_1_167' title='bbox 399 2182 533 2264; x_wconf 87' lang='grc' dir='ltr'><strong><em>Πέρσας</em></strong></span> <span class='ocrx_word' id='word_1_168' title='bbox 552 2173 614 2242; x_wconf 86' lang='grc' dir='ltr'><strong><em>άπό</em></strong></span> <span class='ocrx_word' id='word_1_169' title='bbox 627 2177 683 2241; x_wconf 78' lang='grc' dir='ltr'><strong><em>τοῦ</em></strong></span> <span class='ocrx_word' id='word_1_170' title='bbox 708 2177 811 2264; x_wconf 87' lang='grc' dir='ltr'><strong><em>λόφου</em></strong></span> <span class='ocrx_word' id='word_1_171' title='bbox 831 2174 1012 2259; x_wconf 88' lang='grc' dir='ltr'><strong><em>κατιόντας,</em></strong></span> <span class='ocrx_word' id='word_1_172' title='bbox 1039 2174 1239 2264; x_wconf 91' lang='grc' dir='ltr'><strong><em>τριακοσίους</em></strong></span> <span class='ocrx_word' id='word_1_173' title='bbox 1262 2171 1319 2238; x_wconf 81' lang='grc' dir='ltr'><strong><em>καί</em></strong></span> <span class='ocrx_word' id='word_1_174' title='bbox 1332 2173 1395 2237; x_wconf 80' lang='grc' dir='ltr'><strong><em>αό-</em></strong></span> 
     </span>
     <span class='ocr_line' id='line_1_21' title="bbox 309 2269 1435 2360; baseline -0.002 -18"><span class='ocrx_word' id='word_1_175' title='bbox 309 2274 365 2351; x_wconf 85' lang='grc' dir='ltr'><strong><em>τός</em></strong></span> <span class='ocrx_word' id='word_1_176' title='bbox 389 2275 608 2357; x_wconf 73' lang='grc' dir='ltr'><strong><em>ἐπιλεξάμενος</em></strong></span> <span class='ocrx_word' id='word_1_177' title='bbox 636 2277 672 2340; x_wconf 77' lang='grc' dir='ltr'><strong><em>ἐκ</em></strong></span> <span class='ocrx_word' id='word_1_178' title='bbox 702 2277 767 2341; x_wconf 84' lang='grc' dir='ltr'><strong><em>τιόν</em></strong></span> <span class='ocrx_word' id='word_1_179' title='bbox 791 2275 881 2340; x_wconf 77' lang='grc' dir='ltr'><strong><em>ἰδίων</em></strong></span> <span class='ocrx_word' id='word_1_180' title='bbox 912 2271 969 2338; x_wconf 81' lang='grc' dir='ltr'><strong><em>καί</em></strong></span> <span class='ocrx_word' id='word_1_181' title='bbox 988 2271 1254 2360; x_wconf 74' lang='grc' dir='ltr'><strong><em>περιστησάμενος</em></strong></span> <span class='ocrx_word' id='word_1_182' title='bbox 1280 2269 1435 2359; x_wconf 54' lang='grc' dir='ltr'><strong><em>ἔσσυμαι)</em></strong></span> 
     </span>
     <span class='ocr_line' id='line_1_22' title="bbox 297 2364 1394 2461; baseline -0.001 -22"><span class='ocrx_word' id='word_1_183' title='bbox 297 2373 458 2461; x_wconf 86' lang='grc' dir='ltr'><strong><em>Ιτοιαότην</em></strong></span> <span class='ocrx_word' id='word_1_184' title='bbox 484 2371 554 2440; x_wconf 92' lang='grc' dir='ltr'><strong><em>τινά</em></strong></span> <span class='ocrx_word' id='word_1_185' title='bbox 585 2372 772 2461; x_wconf 86' lang='grc' dir='ltr'><strong><em>παραίνεσιν</em></strong></span> <span class='ocrx_word' id='word_1_186' title='bbox 794 2372 960 2461; x_wconf 80' lang='grc' dir='ltr'><strong><em>έποιὴσατο</em></strong></span> <span class='ocrx_word' id='word_1_187' title='bbox 987 2369 1063 2461; x_wconf 88' lang='grc' dir='ltr'><strong><em>πρός</em></strong></span> <span class='ocrx_word' id='word_1_188' title='bbox 1086 2368 1215 2449; x_wconf 85' lang='grc' dir='ltr'><strong><em>αότοός·</em></strong></span> <span class='ocrx_word' id='word_1_189' title='bbox 1253 2364 1394 2458; x_wconf 69' lang='grc' dir='ltr'><strong><em>,ἅνδρες</em></strong></span> 
     </span>
     <span class='ocr_line' id='line_1_23' title="bbox 309 2466 1391 2561; baseline -0.002 -22"><span class='ocrx_word' id='word_1_190' title='bbox 309 2478 519 2561; x_wconf 78' lang='grc' dir='ltr'><strong><em>στρατιῶται,</em></strong></span> <span class='ocrx_word' id='word_1_191' title='bbox 544 2472 602 2558; x_wconf 75' lang='grc' dir='ltr'><strong><em>τὴν</em></strong></span> <span class='ocrx_word' id='word_1_192' title='bbox 619 2477 680 2554; x_wconf 78' lang='grc' dir='ltr'><strong><em>μὲν</em></strong></span> <span class='ocrx_word' id='word_1_193' title='bbox 695 2466 839 2539; x_wconf 81' lang='grc' dir='ltr'><strong><em>εόκλειαν</em></strong></span> <span class='ocrx_word' id='word_1_194' title='bbox 861 2476 926 2539; x_wconf 76' lang='grc' dir='ltr'><strong><em>τῶν</em></strong></span> <span class='ocrx_word' id='word_1_195' title='bbox 948 2471 1120 2557; x_wconf 81' lang='grc' dir='ltr'><strong><em>Ῥωμαίων</em></strong></span> <span class='ocrx_word' id='word_1_196' title='bbox 1143 2474 1200 2537; x_wconf 80' lang='grc' dir='ltr'><strong><em>καί</em></strong></span> <span class='ocrx_word' id='word_1_197' title='bbox 1214 2470 1270 2557; x_wconf 80' lang='grc' dir='ltr'><strong><em>τὴν</em></strong></span> <span class='ocrx_word' id='word_1_198' title='bbox 1288 2471 1391 2554; x_wconf 80' lang='grc' dir='ltr'><strong><em>δόξαν,</em></strong></span> 
     </span>
     <span class='ocr_line' id='line_1_24' title="bbox 313 2566 1392 2657; baseline -0.004 -20"><span class='ocrx_word' id='word_1_199' title='bbox 313 2569 353 2657; x_wconf 78' lang='grc' dir='ltr'><strong><em>ἢν</em></strong></span> <span class='ocrx_word' id='word_1_200' title='bbox 370 2570 432 2637; x_wconf 84' lang='grc' dir='ltr'><strong><em>άπό</em></strong></span> <span class='ocrx_word' id='word_1_201' title='bbox 455 2574 513 2637; x_wconf 69' lang='lat' dir='ltr'><strong>rosi</strong></span> <span class='ocrx_word' id='word_1_202' title='bbox 528 2574 660 2657; x_wconf 80' lang='grc' dir='ltr'><strong><em>φοβεροί</em></strong></span> <span class='ocrx_word' id='word_1_203' title='bbox 680 2578 745 2647; x_wconf 75' lang='grc' dir='ltr'><strong><em>τοῖς</em></strong></span> <span class='ocrx_word' id='word_1_204' title='bbox 764 2571 926 2653; x_wconf 87' lang='grc' dir='ltr'><strong><em>πολεμίοις</em></strong></span> <span class='ocrx_word' id='word_1_205' title='bbox 941 2566 1022 2636; x_wconf 85' lang='grc' dir='ltr'><strong><em>εἶναι</em></strong></span> <span class='ocrx_word' id='word_1_206' title='bbox 1042 2570 1264 2657; x_wconf 79' lang='grc' dir='ltr'><strong><em>έκτήσαντοέξ</em></strong></span> <span class='ocrx_word' id='word_1_207' title='bbox 1282 2570 1392 2656; x_wconf 81' lang='grc' dir='ltr'><strong><em>άρχῆς,</em></strong></span> 
     </span>
     <span class='ocr_line' id='line_1_25' title="bbox 312 2662 1391 2757; baseline -0.001 -22"><span class='ocrx_word' id='word_1_208' title='bbox 312 2670 382 2735; x_wconf 67' lang='grc' dir='ltr'><strong><em>οὐδ’</em></strong></span> <span class='ocrx_word' id='word_1_209' title='bbox 403 2666 497 2736; x_wconf 77' lang='lat' dir='ltr'><strong>edroi</strong></span> <span class='ocrx_word' id='word_1_210' title='bbox 516 2670 664 2754; x_wconf 78' lang='grc' dir='ltr'><strong><em>άχνοεῖτε·</em></strong></span> <span class='ocrx_word' id='word_1_211' title='bbox 701 2662 792 2735; x_wconf 73' lang='grc' dir='ltr'><strong><em>οὗτοι</em></strong></span> <span class='ocrx_word' id='word_1_212' title='bbox 815 2669 874 2757; x_wconf 80' lang='grc' dir='ltr'><strong><em>γάρ</em></strong></span> <span class='ocrx_word' id='word_1_213' title='bbox 901 2666 1036 2734; x_wconf 83' lang='grc' dir='ltr'><strong><em>είσινόό</em></strong></span> <span class='ocrx_word' id='word_1_214' title='bbox 1059 2670 1178 2755; x_wconf 74' lang='grc' dir='ltr'><strong><em>μικροῦ</em></strong></span> <span class='ocrx_word' id='word_1_215' title='bbox 1198 2671 1266 2735; x_wconf 81' lang='grc' dir='ltr'><strong><em>δεῖν</em></strong></span> <span class='ocrx_word' id='word_1_216' title='bbox 1285 2673 1391 2734; x_wconf 82' lang='grc' dir='ltr'><strong><em>πάσαν</em></strong></span> 
     </span>
    </p>

    <p class='ocr_par' dir='ltr' id='par_1_4' title="bbox 212 2765 1432 2855">
     <span class='ocr_line' id='line_1_26' title="bbox 212 2765 1432 2855; baseline 0.005 -22"><span class='ocrx_word' id='word_1_217' title='bbox 212 2784 239 2839; x_wconf 84' lang='grc' dir='ltr'><strong><em>Ρ.</em></strong></span> <span class='ocrx_word' id='word_1_218' title='bbox 249 2769 581 2855; x_wconf 67' lang='grc' dir='ltr'><strong><em>αςοπαραστησάμενοι</em></strong></span> <span class='ocrx_word' id='word_1_219' title='bbox 604 2765 662 2854; x_wconf 73' lang='grc' dir='ltr'><strong><em>τὴν</em></strong></span> <span class='ocrx_word' id='word_1_220' title='bbox 684 2768 887 2854; x_wconf 78' lang='grc' dir='ltr'><strong><em>οἰκουμένην,</em></strong></span> <span class='ocrx_word' id='word_1_221' title='bbox 907 2770 963 2833; x_wconf 81' lang='grc' dir='ltr'><strong><em>καί</em></strong></span> <span class='ocrx_word' id='word_1_222' title='bbox 982 2766 1084 2834; x_wconf 88' lang='grc' dir='ltr'><strong><em>πάντα</em></strong></span> <span class='ocrx_word' id='word_1_223' title='bbox 1111 2770 1185 2854; x_wconf 73' lang='grc' dir='ltr'><strong><em>γένη</em></strong></span> <span class='ocrx_word' id='word_1_224' title='bbox 1205 2766 1262 2835; x_wconf 80' lang='grc' dir='ltr'><strong><em>καί</em></strong></span> <span class='ocrx_word' id='word_1_225' title='bbox 1279 2767 1432 2854; x_wconf 61' lang='lat' dir='ltr'><strong>tepens</strong></span> 
     </span>
    </p>
   </div>
   <div class='ocr_carea' id='block_1_3' title="bbox 291 2950 1389 4211">
    <p class='ocr_par' dir='ltr' id='par_1_5' title="bbox 299 2950 1389 3165">
     <span class='ocr_line' id='line_1_27' title="bbox 303 2950 1389 3075; baseline -0.002 -68"><span class='ocrx_word' id='word_1_226' title='bbox 303 2960 385 3025; x_wconf 90' lang='lat' dir='ltr'><strong>atque</strong></span> <span class='ocrx_word' id='word_1_227' title='bbox 396 2952 426 3005; x_wconf 92' lang='lat' dir='ltr'><strong><em>in</em></strong></span> <span class='ocrx_word' id='word_1_228' title='bbox 441 2952 531 3024; x_wconf 73' lang='lat' dir='ltr'><strong>lupam</strong></span> <span class='ocrx_word' id='word_1_229' title='bbox 545 2953 748 3025; x_wconf 71' lang='lat' dir='ltr'><strong>compellerent</strong></span> <span class='ocrx_word' id='word_1_230' title='bbox 794 2952 916 3036; x_wconf 76' lang='lat' dir='ltr'><strong>Reliquis</strong></span> <span class='ocrx_word' id='word_1_231' title='bbox 942 2956 1037 3075; x_wconf 63' lang='lat' dir='ltr'><strong>itspse</strong></span> <span class='ocrx_word' id='word_1_232' title='bbox 1052 2952 1105 3006; x_wconf 89' lang='lat' dir='ltr'><strong>sibl</strong></span> <span class='ocrx_word' id='word_1_233' title='bbox 1123 2950 1274 3018; x_wconf 85' lang='lat' dir='ltr'><strong>adiunctis,</strong></span> <span class='ocrx_word' id='word_1_234' title='bbox 1297 2953 1327 3005; x_wconf 91' lang='lat' dir='ltr'><strong><em>in</em></strong></span> <span class='ocrx_word' id='word_1_235' title='bbox 1339 2969 1389 3005; x_wconf 87' lang='lat' dir='ltr'><strong>sn·</strong></span> 
     </span>
     <span class='ocr_line' id='line_1_28' title="bbox 300 3023 1389 3095; baseline -0.003 -18"><span class='ocrx_word' id='word_1_236' title='bbox 300 3023 379 3077; x_wconf 78' lang='lat' dir='ltr'><strong>humi</strong></span> <span class='ocrx_word' id='word_1_237' title='bbox 397 3024 493 3076; x_wconf 84' lang='lat' dir='ltr'><strong>stabat.</strong></span> <span class='ocrx_word' id='word_1_238' title='bbox 516 3026 632 3077; x_wconf 87' lang='lat' dir='ltr'><strong>Secretis</strong></span> <span class='ocrx_word' id='word_1_239' title='bbox 654 3040 734 3094; x_wconf 90' lang='lat' dir='ltr'><strong>porro</strong></span> <span class='ocrx_word' id='word_1_240' title='bbox 755 3028 883 3077; x_wconf 76' lang='lat' dir='ltr'><strong>trecentus</strong></span> <span class='ocrx_word' id='word_1_241' title='bbox 900 3024 987 3095; x_wconf 88' lang='lat' dir='ltr'><strong>equiti</strong></span> <span class='ocrx_word' id='word_1_242' title='bbox 1008 3042 1039 3077; x_wconf 90' lang='lat' dir='ltr'><strong>us</strong></span> <span class='ocrx_word' id='word_1_243' title='bbox 1056 3024 1202 3095; x_wconf 73' lang='lat' dir='ltr'><strong>sagittariis</strong></span> <span class='ocrx_word' id='word_1_244' title='bbox 1222 3024 1389 3094; x_wconf 79' lang='lat' dir='ltr'><strong>pugnacissi-</strong></span> 
     </span>
     <span class='ocr_line' id='line_1_29' title="bbox 299 3094 1388 3165; baseline 0 -20"><span class='ocrx_word' id='word_1_245' title='bbox 299 3095 367 3159; x_wconf 87' lang='lat' dir='ltr'><strong>mis,</strong></span> <span class='ocrx_word' id='word_1_246' title='bbox 385 3096 415 3145; x_wconf 92' lang='lat' dir='ltr'><strong><em>in</em></strong></span> <span class='ocrx_word' id='word_1_247' title='bbox 434 3096 511 3165; x_wconf 86' lang='lat' dir='ltr'><strong>equis</strong></span> <span class='ocrx_word' id='word_1_248' title='bbox 522 3094 710 3155; x_wconf 72' lang='lat' dir='ltr'><strong>velocissimis,</strong></span> <span class='ocrx_word' id='word_1_249' title='bbox 730 3094 876 3163; x_wconf 79' lang='lat' dir='ltr'><strong>imperavit</strong></span> <span class='ocrx_word' id='word_1_250' title='bbox 893 3094 947 3157; x_wconf 89' lang='lat' dir='ltr'><strong>eis,</strong></span> <span class='ocrx_word' id='word_1_251' title='bbox 965 3112 1001 3148; x_wconf 87' lang='lat' dir='ltr'><strong>ne</strong></span> <span class='ocrx_word' id='word_1_252' title='bbox 1018 3098 1140 3147; x_wconf 91' lang='lat' dir='ltr'><strong>cominus</strong></span> <span class='ocrx_word' id='word_1_253' title='bbox 1161 3102 1190 3147; x_wconf 92' lang='lat' dir='ltr'><strong><em>et</em></strong></span> <span class='ocrx_word' id='word_1_254' title='bbox 1207 3094 1312 3147; x_wconf 82' lang='lat' dir='ltr'><strong>stataria</strong></span> <span class='ocrx_word' id='word_1_255' title='bbox 1331 3110 1388 3162; x_wconf 93' lang='lat' dir='ltr'><strong><em>pu·</em></strong></span> 
     </span>
    </p>

    <p class='ocr_par' dir='ltr' id='par_1_6' title="bbox 291 3162 1388 4211">
     <span class='ocr_line' id='line_1_30' title="bbox 337 3162 1387 3235; baseline -0.002 -19"><span class='ocrx_word' id='word_1_256' title='bbox 337 3182 361 3228; x_wconf 91' lang='lat' dir='ltr'><strong><em>a,</em></strong></span> <span class='ocrx_word' id='word_1_257' title='bbox 379 3164 427 3216; x_wconf 85' lang='lat' dir='ltr'><strong><em>sed</em></strong></span> <span class='ocrx_word' id='word_1_258' title='bbox 445 3180 479 3215; x_wconf 79' lang='lat' dir='ltr'><strong>ex</strong></span> <span class='ocrx_word' id='word_1_259' title='bbox 495 3164 603 3214; x_wconf 86' lang='lat' dir='ltr'><strong>incursu</strong></span> <span class='ocrx_word' id='word_1_260' title='bbox 621 3162 788 3225; x_wconf 70' lang='lat' dir='ltr'><strong>invadentes,</strong></span> <span class='ocrx_word' id='word_1_261' title='bbox 806 3180 866 3214; x_wconf 88' lang='lat' dir='ltr'><strong><em>cum</em></strong></span> <span class='ocrx_word' id='word_1_262' title='bbox 883 3165 1010 3217; x_wconf 80' lang='lat' dir='ltr'><strong>Romania</strong></span> <span class='ocrx_word' id='word_1_263' title='bbox 1029 3164 1215 3235; x_wconf 77' lang='lat' dir='ltr'><strong>depugnarent</strong></span> <span class='ocrx_word' id='word_1_264' title='bbox 1228 3180 1387 3235; x_wconf 86' lang='lat' dir='ltr'><strong>rursumque</strong></span> 
     </span>
     <span class='ocr_line' id='line_1_31' title="bbox 299 3182 1386 3304; baseline 0 -19"><span class='ocrx_word' id='word_1_265' title='bbox 299 3182 424 3304; x_wconf 58' lang='lat' dir='ltr'><strong>ddgerent</strong></span> <span class='ocrx_word' id='word_1_266' title='bbox 442 3241 469 3287; x_wconf 85' lang='lat' dir='ltr'><strong><em>et</em></strong></span> <span class='ocrx_word' id='word_1_267' title='bbox 483 3234 537 3285; x_wconf 77' lang='lat' dir='ltr'><strong>tela</strong></span> <span class='ocrx_word' id='word_1_268' title='bbox 556 3232 585 3284; x_wconf 92' lang='lat' dir='ltr'><strong><em>in</em></strong></span> <span class='ocrx_word' id='word_1_269' title='bbox 602 3240 706 3301; x_wconf 80' lang='lat' dir='ltr'><strong>tergum</strong></span> <span class='ocrx_word' id='word_1_270' title='bbox 723 3240 899 3304; x_wconf 84' lang='lat' dir='ltr'><strong>torquerent;</strong></span> <span class='ocrx_word' id='word_1_271' title='bbox 925 3232 1024 3285; x_wconf 89' lang='lat' dir='ltr'><strong>deinde</strong></span> <span class='ocrx_word' id='word_1_272' title='bbox 1041 3236 1178 3297; x_wconf 84' lang='lat' dir='ltr'><strong>conversi,</strong></span> <span class='ocrx_word' id='word_1_273' title='bbox 1195 3233 1317 3287; x_wconf 81' lang='lat' dir='ltr'><strong>redirent</strong></span> <span class='ocrx_word' id='word_1_274' title='bbox 1333 3234 1386 3286; x_wconf 85' lang='lat' dir='ltr'><strong>iso·</strong></span> 
     </span>
     <span class='ocr_line' id='line_1_32' title="bbox 299 3302 1387 3374; baseline 0 -19"><span class='ocrx_word' id='word_1_275' title='bbox 299 3312 421 3374; x_wconf 83' lang='lat' dir='ltr'><strong>atemque</strong></span> <span class='ocrx_word' id='word_1_276' title='bbox 437 3304 527 3357; x_wconf 87' lang='lat' dir='ltr'><strong>denuo</strong></span> <span class='ocrx_word' id='word_1_277' title='bbox 545 3302 713 3355; x_wconf 83' lang='lat' dir='ltr'><strong>lacesserent</strong></span> <span class='ocrx_word' id='word_1_278' title='bbox 751 3302 876 3372; x_wconf 77' lang='lat' dir='ltr'><strong>Contigit</strong></span> <span class='ocrx_word' id='word_1_279' title='bbox 889 3312 989 3366; x_wconf 61' lang='lat' dir='ltr'><strong>auum,</strong></span> <span class='ocrx_word' id='word_1_280' title='bbox 1006 3312 1036 3355; x_wconf 92' lang='lat' dir='ltr'><strong><em>ut</em></strong></span> <span class='ocrx_word' id='word_1_281' title='bbox 1055 3307 1172 3373; x_wconf 89' lang='lat' dir='ltr'><strong>spatium</strong></span> <span class='ocrx_word' id='word_1_282' title='bbox 1188 3304 1308 3356; x_wconf 85' lang='lat' dir='ltr'><strong>medium</strong></span> <span class='ocrx_word' id='word_1_283' title='bbox 1323 3320 1387 3356; x_wconf 83' lang='lat' dir='ltr'><strong>ver-</strong></span> 
     </span>
     <span class='ocr_line' id='line_1_33' title="bbox 298 3372 1387 3443; baseline 0 -18"><span class='ocrx_word' id='word_1_284' title='bbox 298 3388 342 3425; x_wconf 82' lang='lat' dir='ltr'><strong><em>sus</em></strong></span> <span class='ocrx_word' id='word_1_285' title='bbox 364 3378 495 3427; x_wconf 88' lang='lat' dir='ltr'><strong>llomanos</strong></span> <span class='ocrx_word' id='word_1_286' title='bbox 514 3373 627 3441; x_wconf 77' lang='lat' dir='ltr'><strong>aequale</strong></span> <span class='ocrx_word' id='word_1_287' title='bbox 650 3379 679 3423; x_wconf 90' lang='lat' dir='ltr'><strong><em>et</em></strong></span> <span class='ocrx_word' id='word_1_288' title='bbox 703 3372 792 3443; x_wconf 88' lang='lat' dir='ltr'><strong>equiti</strong></span> <span class='ocrx_word' id='word_1_289' title='bbox 811 3372 956 3438; x_wconf 72' lang='lat' dir='ltr'><strong>idoneum,</strong></span> <span class='ocrx_word' id='word_1_290' title='bbox 984 3390 1075 3426; x_wconf 87' lang='lat' dir='ltr'><strong>versus</strong></span> <span class='ocrx_word' id='word_1_291' title='bbox 1094 3376 1186 3429; x_wconf 84' lang='lat' dir='ltr'><strong>Persas</strong></span> <span class='ocrx_word' id='word_1_292' title='bbox 1212 3392 1269 3427; x_wconf 89' lang='lat' dir='ltr'><strong><em>non</em></strong></span> <span class='ocrx_word' id='word_1_293' title='bbox 1286 3374 1387 3427; x_wconf 80' lang='lat' dir='ltr'><strong>acclive</strong></span> 
     </span>
     <span class='ocr_line' id='line_1_34' title="bbox 299 3442 1387 3516; baseline 0.003 -23"><span class='ocrx_word' id='word_1_294' title='bbox 299 3442 387 3495; x_wconf 88' lang='lat' dir='ltr'><strong>solum</strong></span> <span class='ocrx_word' id='word_1_295' title='bbox 405 3460 567 3516; x_wconf 88' lang='lat' dir='ltr'><strong>accessuque</strong></span> <span class='ocrx_word' id='word_1_296' title='bbox 578 3442 763 3505; x_wconf 88' lang='lat' dir='ltr'><strong>laboriosum,</strong></span> <span class='ocrx_word' id='word_1_297' title='bbox 781 3442 829 3493; x_wconf 90' lang='lat' dir='ltr'><strong>aed</strong></span> <span class='ocrx_word' id='word_1_298' title='bbox 847 3450 876 3494; x_wconf 88' lang='lat' dir='ltr'><strong><em>et</em></strong></span> <span class='ocrx_word' id='word_1_299' title='bbox 887 3442 967 3494; x_wconf 73' lang='lat' dir='ltr'><strong>fossis</strong></span> <span class='ocrx_word' id='word_1_300' title='bbox 980 3445 1079 3496; x_wconf 82' lang='lat' dir='ltr'><strong>nativis</strong></span> <span class='ocrx_word' id='word_1_301' title='bbox 1098 3445 1278 3515; x_wconf 85' lang='lat' dir='ltr'><strong>undiquaque</strong></span> <span class='ocrx_word' id='word_1_302' title='bbox 1298 3445 1387 3497; x_wconf 87' lang='lat' dir='ltr'><strong>inter-</strong></span> 
     </span>
     <span class='ocr_line' id='line_1_35' title="bbox 299 3511 1388 3585; baseline 0.005 -22"><span class='ocrx_word' id='word_1_303' title='bbox 299 3522 406 3581; x_wconf 86' lang='lat' dir='ltr'><strong>ceptum</strong></span> <span class='ocrx_word' id='word_1_304' title='bbox 425 3523 503 3569; x_wconf 87' lang='lat' dir='ltr'><strong>esset.</strong></span> <span class='ocrx_word' id='word_1_305' title='bbox 540 3513 601 3585; x_wconf 86' lang='lat' dir='ltr'><strong><em>Qua</em></strong></span> <span class='ocrx_word' id='word_1_306' title='bbox 617 3511 807 3564; x_wconf 85' lang='lat' dir='ltr'><strong>commoditate</strong></span> <span class='ocrx_word' id='word_1_307' title='bbox 827 3511 936 3564; x_wconf 87' lang='lat' dir='ltr'><strong>barbari</strong></span> <span class='ocrx_word' id='word_1_308' title='bbox 951 3512 1122 3580; x_wconf 86' lang='lat' dir='ltr'><strong>potissimum</strong></span> <span class='ocrx_word' id='word_1_309' title='bbox 1134 3513 1265 3573; x_wconf 84' lang='lat' dir='ltr'><strong>fidentes,</strong></span> <span class='ocrx_word' id='word_1_310' title='bbox 1285 3517 1315 3565; x_wconf 92' lang='lat' dir='ltr'><strong><em>in</em></strong></span> <span class='ocrx_word' id='word_1_311' title='bbox 1332 3516 1388 3568; x_wconf 79' lang='lat' dir='ltr'><strong>llo-</strong></span> 
     </span>
     <span class='ocr_line' id='line_1_36' title="bbox 297 3576 1384 3652; baseline 0.003 -20"><span class='ocrx_word' id='word_1_312' title='bbox 297 3596 391 3634; x_wconf 84' lang='lat' dir='ltr'><strong>manos</strong></span> <span class='ocrx_word' id='word_1_313' title='bbox 409 3584 536 3636; x_wconf 79' lang='lat' dir='ltr'><strong>audacius</strong></span> <span class='ocrx_word' id='word_1_314' title='bbox 553 3599 581 3634; x_wconf 89' lang='lat' dir='ltr'><strong><em>se</em></strong></span> <span class='ocrx_word' id='word_1_315' title='bbox 603 3581 766 3635; x_wconf 74' lang='lat' dir='ltr'><strong>inferebant</strong></span> <span class='ocrx_word' id='word_1_316' title='bbox 808 3580 857 3633; x_wconf 83' lang='lat' dir='ltr'><strong>His</strong></span> <span class='ocrx_word' id='word_1_317' title='bbox 883 3576 965 3652; x_wconf 79' lang='lat' dir='ltr'><strong>igitur</strong></span> <span class='ocrx_word' id='word_1_318' title='bbox 990 3586 1138 3649; x_wconf 77' lang='lat' dir='ltr'><strong>trecentis,</strong></span> <span class='ocrx_word' id='word_1_319' title='bbox 1166 3591 1197 3636; x_wconf 94' lang='lat' dir='ltr'><strong><em>ut</em></strong></span> <span class='ocrx_word' id='word_1_320' title='bbox 1224 3580 1278 3635; x_wconf 80' lang='lat' dir='ltr'><strong>laoc</strong></span> <span class='ocrx_word' id='word_1_321' title='bbox 1303 3584 1384 3635; x_wconf 90' lang='lat' dir='ltr'><strong>modo</strong></span> 
     </span>
     <span class='ocr_line' id='line_1_37' title="bbox 297 3650 1385 3721; baseline 0.004 -20"><span class='ocrx_word' id='word_1_322' title='bbox 297 3666 359 3703; x_wconf 90' lang='lat' dir='ltr'><strong>eum</strong></span> <span class='ocrx_word' id='word_1_323' title='bbox 372 3652 497 3705; x_wconf 82' lang='lat' dir='ltr'><strong>Romanis</strong></span> <span class='ocrx_word' id='word_1_324' title='bbox 510 3654 679 3715; x_wconf 73' lang='lat' dir='ltr'><strong>dimicarent,</strong></span> <span class='ocrx_word' id='word_1_325' title='bbox 697 3650 844 3714; x_wconf 81' lang='lat' dir='ltr'><strong>mandavit,</strong></span> <span class='ocrx_word' id='word_1_326' title='bbox 863 3653 931 3705; x_wconf 85' lang='lat' dir='ltr'><strong>alios</strong></span> <span class='ocrx_word' id='word_1_327' title='bbox 948 3652 1024 3704; x_wconf 86' lang='lat' dir='ltr'><strong>mille</strong></span> <span class='ocrx_word' id='word_1_328' title='bbox 1035 3671 1051 3704; x_wconf 88' lang='lat' dir='ltr'><strong>a</strong></span> <span class='ocrx_word' id='word_1_329' title='bbox 1069 3662 1143 3721; x_wconf 77' lang='lat' dir='ltr'><strong>tergo</strong></span> <span class='ocrx_word' id='word_1_330' title='bbox 1163 3669 1256 3707; x_wconf 87' lang='lat' dir='ltr'><strong>corum</strong></span> <span class='ocrx_word' id='word_1_331' title='bbox 1274 3652 1308 3705; x_wconf 90' lang='lat' dir='ltr'><strong><em>ad</em></strong></span> <span class='ocrx_word' id='word_1_332' title='bbox 1327 3654 1385 3705; x_wconf 85' lang='lat' dir='ltr'><strong>fos-</strong></span> 
     </span>
     <span class='ocr_line' id='line_1_38' title="bbox 296 3722 1384 3793; baseline 0.003 -23"><span class='ocrx_word' id='word_1_333' title='bbox 296 3737 338 3772; x_wconf 84' lang='lat' dir='ltr'><strong><em>sas</em></strong></span> <span class='ocrx_word' id='word_1_334' title='bbox 352 3729 426 3773; x_wconf 85' lang='lat' dir='ltr'><strong>etan</strong></span> <span class='ocrx_word' id='word_1_335' title='bbox 446 3724 544 3786; x_wconf 89' lang='lat' dir='ltr'><strong>ustias,</strong></span> <span class='ocrx_word' id='word_1_336' title='bbox 581 3723 629 3793; x_wconf 89' lang='lat' dir='ltr'><strong><em>qui</em></strong></span> <span class='ocrx_word' id='word_1_337' title='bbox 645 3724 777 3774; x_wconf 85' lang='lat' dir='ltr'><strong>Romanos</strong></span> <span class='ocrx_word' id='word_1_338' title='bbox 796 3722 970 3792; x_wconf 83' lang='lat' dir='ltr'><strong>insequentes</strong></span> <span class='ocrx_word' id='word_1_339' title='bbox 987 3726 1163 3793; x_wconf 83' lang='lat' dir='ltr'><strong>exciperent,</strong></span> <span class='ocrx_word' id='word_1_340' title='bbox 1193 3731 1222 3774; x_wconf 89' lang='lat' dir='ltr'><strong><em>et</em></strong></span> <span class='ocrx_word' id='word_1_341' title='bbox 1239 3724 1333 3775; x_wconf 85' lang='lat' dir='ltr'><strong>eadem</strong></span> <span class='ocrx_word' id='word_1_342' title='bbox 1348 3723 1384 3775; x_wconf 87' lang='lat' dir='ltr'><strong>de</strong></span> 
     </span>
     <span class='ocr_line' id='line_1_39' title="bbox 296 3738 1382 3863; baseline 0.003 -23"><span class='ocrx_word' id='word_1_343' title='bbox 296 3806 376 3841; x_wconf 84' lang='lat' dir='ltr'><strong>causa</strong></span> <span class='ocrx_word' id='word_1_344' title='bbox 391 3738 466 3841; x_wconf 62' lang='grc' dir='ltr'><strong><em>τυλάδα</em></strong></span> <span class='ocrx_word' id='word_1_345' title='bbox 483 3794 512 3843; x_wconf 89' lang='lat' dir='ltr'><strong><em>in</em></strong></span> <span class='ocrx_word' id='word_1_346' title='bbox 531 3801 647 3863; x_wconf 87' lang='lat' dir='ltr'><strong>utroque</strong></span> <span class='ocrx_word' id='word_1_347' title='bbox 662 3793 745 3845; x_wconf 87' lang='lat' dir='ltr'><strong>latere</strong></span> <span class='ocrx_word' id='word_1_348' title='bbox 762 3793 869 3844; x_wconf 81' lang='lat' dir='ltr'><strong>locavit</strong></span> <span class='ocrx_word' id='word_1_349' title='bbox 905 3794 1054 3859; x_wconf 83' lang='lat' dir='ltr'><strong>Imperator</strong></span> <span class='ocrx_word' id='word_1_350' title='bbox 1073 3792 1123 3844; x_wconf 90' lang='lat' dir='ltr'><strong><em>ubi</em></strong></span> <span class='ocrx_word' id='word_1_351' title='bbox 1146 3792 1238 3843; x_wconf 83' lang='lat' dir='ltr'><strong>Persas</strong></span> <span class='ocrx_word' id='word_1_352' title='bbox 1259 3794 1294 3845; x_wconf 89' lang='lat' dir='ltr'><strong>de</strong></span> <span class='ocrx_word' id='word_1_353' title='bbox 1312 3793 1382 3843; x_wconf 88' lang='lat' dir='ltr'><strong>colle</strong></span> 
     </span>
     <span class='ocr_line' id='line_1_40' title="bbox 295 3858 1380 3944; baseline -0.002 -31"><span class='ocrx_word' id='word_1_354' title='bbox 295 3858 467 3913; x_wconf 81' lang='lat' dir='ltr'><strong>descendisse</strong></span> <span class='ocrx_word' id='word_1_355' title='bbox 484 3864 642 3931; x_wconf 80' lang='lat' dir='ltr'><strong>conspexit,</strong></span> <span class='ocrx_word' id='word_1_356' title='bbox 669 3864 749 3915; x_wconf 85' lang='lat' dir='ltr'><strong>etiam</strong></span> <span class='ocrx_word' id='word_1_357' title='bbox 768 3864 827 3931; x_wconf 89' lang='lat' dir='ltr'><strong>ipse</strong></span> <span class='ocrx_word' id='word_1_358' title='bbox 844 3870 979 3913; x_wconf 84' lang='lat' dir='ltr'><strong>trecentos</strong></span> <span class='ocrx_word' id='word_1_359' title='bbox 998 3862 1033 3914; x_wconf 88' lang='lat' dir='ltr'><strong>de</strong></span> <span class='ocrx_word' id='word_1_360' title='bbox 1048 3865 1104 3915; x_wconf 87' lang='lat' dir='ltr'><strong>suis</strong></span> <span class='ocrx_word' id='word_1_361' title='bbox 1123 3862 1220 3944; x_wconf 65' lang='lat' dir='ltr'><strong>clepit,</strong></span> <span class='ocrx_word' id='word_1_362' title='bbox 1247 3861 1380 3933; x_wconf 84' lang='lat' dir='ltr'><strong>aquibus</strong></span> 
     </span>
     <span class='ocr_line' id='line_1_41' title="bbox 292 3930 1381 4002; baseline 0 -21"><span class='ocrx_word' id='word_1_363' title='bbox 292 3930 455 3996; x_wconf 84' lang='lat' dir='ltr'><strong>stiparetur,</strong></span> <span class='ocrx_word' id='word_1_364' title='bbox 482 3946 582 3999; x_wconf 88' lang='lat' dir='ltr'><strong>eosque</strong></span> <span class='ocrx_word' id='word_1_365' title='bbox 597 3932 699 3984; x_wconf 78' lang='lat' dir='ltr'><strong>talibus</strong></span> <span class='ocrx_word' id='word_1_366' title='bbox 713 3930 802 3985; x_wconf 80' lang='lat' dir='ltr'><strong>verbis</strong></span> <span class='ocrx_word' id='word_1_367' title='bbox 821 3932 959 3982; x_wconf 79' lang='lat' dir='ltr'><strong>accendit:</strong></span> <span class='ocrx_word' id='word_1_368' title='bbox 1000 3931 1090 4002; x_wconf 84' lang='lat' dir='ltr'><strong>Quam</strong></span> <span class='ocrx_word' id='word_1_369' title='bbox 1114 3933 1247 4001; x_wconf 72' lang='lat' dir='ltr'><strong>gloriam,</strong></span> <span class='ocrx_word' id='word_1_370' title='bbox 1269 3932 1381 3993; x_wconf 83' lang='lat' dir='ltr'><strong>milites,</strong></span> 
     </span>
     <span class='ocr_line' id='line_1_42' title="bbox 293 3998 1379 4072; baseline 0.004 -23"><span class='ocrx_word' id='word_1_371' title='bbox 293 3998 367 4069; x_wconf 84' lang='lat' dir='ltr'><strong>quod</strong></span> <span class='ocrx_word' id='word_1_372' title='bbox 381 3998 462 4051; x_wconf 87' lang='lat' dir='ltr'><strong>decus</strong></span> <span class='ocrx_word' id='word_1_373' title='bbox 478 4000 590 4051; x_wconf 79' lang='lat' dir='ltr'><strong>Romani</strong></span> <span class='ocrx_word' id='word_1_374' title='bbox 606 4001 669 4055; x_wconf 91' lang='lat' dir='ltr'><strong>inde</strong></span> <span class='ocrx_word' id='word_1_375' title='bbox 684 4002 718 4053; x_wconf 85' lang='lat' dir='ltr'><strong><em>ab</em></strong></span> <span class='ocrx_word' id='word_1_376' title='bbox 737 4002 819 4054; x_wconf 89' lang='lat' dir='ltr'><strong>initio</strong></span> <span class='ocrx_word' id='word_1_377' title='bbox 835 4018 868 4053; x_wconf 82' lang='lat' dir='ltr'><strong>er</strong></span> <span class='ocrx_word' id='word_1_378' title='bbox 888 4018 920 4049; x_wconf 87' lang='lat' dir='ltr'><strong><em>ro</em></strong></span> <span class='ocrx_word' id='word_1_379' title='bbox 936 4001 990 4051; x_wconf 85' lang='lat' dir='ltr'><strong>sibi</strong></span> <span class='ocrx_word' id='word_1_380' title='bbox 1011 4005 1206 4071; x_wconf 86' lang='lat' dir='ltr'><strong>compararint,</strong></span> <span class='ocrx_word' id='word_1_381' title='bbox 1232 4002 1306 4072; x_wconf 91' lang='lat' dir='ltr'><strong>quod</strong></span> <span class='ocrx_word' id='word_1_382' title='bbox 1325 3998 1379 4053; x_wconf 84' lang='lat' dir='ltr'><strong><em>ho·</em></strong></span> 
     </span>
     <span class='ocr_line' id='line_1_43' title="bbox 291 4067 1378 4139; baseline -0.001 -18"><span class='ocrx_word' id='word_1_383' title='bbox 291 4068 379 4121; x_wconf 85' lang='lat' dir='ltr'><strong>stibus</strong></span> <span class='ocrx_word' id='word_1_384' title='bbox 399 4067 584 4120; x_wconf 79' lang='lat' dir='ltr'><strong>formidabiles</strong></span> <span class='ocrx_word' id='word_1_385' title='bbox 606 4070 730 4134; x_wconf 84' lang='lat' dir='ltr'><strong>luerunt,</strong></span> <span class='ocrx_word' id='word_1_386' title='bbox 764 4088 814 4123; x_wconf 88' lang='lat' dir='ltr'><strong>nec</strong></span> <span class='ocrx_word' id='word_1_387' title='bbox 834 4070 912 4122; x_wconf 87' lang='lat' dir='ltr'><strong>vobis</strong></span> <span class='ocrx_word' id='word_1_388' title='bbox 935 4078 977 4121; x_wconf 87' lang='lat' dir='ltr'><strong><em>est</em></strong></span> <span class='ocrx_word' id='word_1_389' title='bbox 997 4072 1126 4139; x_wconf 82' lang='lat' dir='ltr'><strong>ignotum.</strong></span> <span class='ocrx_word' id='word_1_390' title='bbox 1164 4071 1198 4122; x_wconf 88' lang='lat' dir='ltr'><strong><em>lli</em></strong></span> <span class='ocrx_word' id='word_1_391' title='bbox 1218 4074 1291 4124; x_wconf 85' lang='lat' dir='ltr'><strong>enirn</strong></span> <span class='ocrx_word' id='word_1_392' title='bbox 1306 4078 1378 4132; x_wconf 87' lang='lat' dir='ltr'><strong>sunt,</strong></span> 
     </span>
     <span class='ocr_line' id='line_1_44' title="bbox 292 4138 1373 4211; baseline -0.002 -19"><span class='ocrx_word' id='word_1_393' title='bbox 292 4140 341 4209; x_wconf 85' lang='lat' dir='ltr'><strong><em>qui</em></strong></span> <span class='ocrx_word' id='word_1_394' title='bbox 362 4146 449 4192; x_wconf 87' lang='lat' dir='ltr'><strong>totum</strong></span> <span class='ocrx_word' id='word_1_395' title='bbox 470 4154 556 4207; x_wconf 85' lang='lat' dir='ltr'><strong>paene</strong></span> <span class='ocrx_word' id='word_1_396' title='bbox 575 4138 669 4191; x_wconf 86' lang='lat' dir='ltr'><strong>orbem</strong></span> <span class='ocrx_word' id='word_1_397' title='bbox 701 4157 850 4211; x_wconf 87' lang='lat' dir='ltr'><strong>omnesque</strong></span> <span class='ocrx_word' id='word_1_398' title='bbox 871 4148 963 4211; x_wconf 73' lang='lat' dir='ltr'><strong>gentes</strong></span> <span class='ocrx_word' id='word_1_399' title='bbox 990 4141 1170 4211; x_wconf 77' lang='lat' dir='ltr'><strong>subegerunt,</strong></span> <span class='ocrx_word' id='word_1_400' title='bbox 1199 4148 1227 4193; x_wconf 88' lang='lat' dir='ltr'><strong><em>et</em></strong></span> <span class='ocrx_word' id='word_1_401' title='bbox 1251 4142 1373 4208; x_wconf 84' lang='lat' dir='ltr'><strong>Europae</strong></span> 
     </span>
    </p>
   </div>
   <div class='ocr_carea' id='block_1_4' title="bbox 0 0 1518 4900">
    <p class='ocr_par' dir='ltr' id='par_1_7' title="bbox 0 0 1518 4900">
     <span class='ocr_line' id='line_1_45' title="bbox 0 0 1518 4900; baseline 0 8"><span class='ocrx_word' id='word_1_402' title='bbox 0 0 1518 4900; x_wconf 95' lang='lat' dir='ltr'><strong><em> </em></strong></span> 
     </span>
    </p>
   </div>
  </div>
 </body>
</html>
