3025 4900
337 345 431 407 lfflV
756 343 782 399 1.
810 337 989 405 PONTANI

420 508 587 591 Coniugern
602 455 854 587 lubuitlrenen,
884 508 1052 570 Andronici
1067 507 1177 572 Amnis
1196 510 1255 572 virl
1275 507 1413 573 illustria·

337 609 427 690 simi,
448 610 549 691 magni
563 607 669 690 ducis,
699 619 729 670 et
743 629 814 669 curn
828 607 1005 670 Andronico
1021 610 1140 670 seniore
1152 612 1328 692 cognatione
1341 631 1413 672 con-

335 710 430 771 iuncti
445 707 549 770 liliam.
588 707 663 769 Fuit
682 709 763 768 enim
778 707 893 768 Aaaues
914 729 1049 769 esorure
1063 707 1231 770 Andronici
1243 721 1340 772 natus.
1367 713 1414 772 Ex

335 831 372 870 ea
386 806 507 870 sustulit
521 805 631 869 liberos
644 827 714 884 sex,
744 828 844 868 mares
857 818 938 888 tres,
962 806 1088 870 femiam
1100 808 1238 870 totidem.
1265 810 1344 875 ,Illis
1356 832 1414 872 no·

334 909 418 969 mina
432 907 572 988 fitenmt,
602 907 793 986 Matthaeus,
825 907 964 994 Manuel,
995 905 1200 971 Andronicus.
1242 909 1344 992 Atque
1363 909 1413 972 hic

334 1019 504 1092 postremus
517 1009 567 1070 vix
581 1006 793 1069 duodecimum
808 1011 957 1090 attingens
970 1027 1096 1087 annum,
1111 1029 1181 1069 cum
1200 1011 1270 1071 avia
1290 1018 1415 1092 patema

335 1110 369 1172 in
393 1106 561 1170 custodiam
583 1107 693 1188 datiis,
725 1106 919 1190 postmodum
939 1107 1081 1197 pestisepa
1103 1107 1154 1169 lue
1175 1129 1231 1190 per
1250 1109 1283 1170 id
1296 1121 1414 1191 tempus

334 1217 489 1289 grassante
509 1209 643 1270 interiit:
672 1204 860 1290 reliquorum
880 1227 974 1290 opera
1004 1208 1087 1268 domi
1121 1206 1253 1291 bellique
1284 1208 1415 1270 multum

333 1321 406 1368 usus
436 1315 481 1368 est
511 1317 609 1390 pater.
662 1303 802 1388 Uterque
827 1316 954 1366 ornatur
980 1305 1122 1368 laudibus
1143 1306 1199 1370 lib.
1227 1309 1259 1369 3.
1274 1329 1339 1390 cap.
1366 1306 1415 1395 243·

332 1403 506 1468 Matthaeus
529 1405 676 1466 Demetrii
698 1404 860 1488 despotae,
896 1404 950 1466 filii
974 1404 1143 1468 Andronici
1168 1409 1292 1470 maioris
1313 1420 1415 1470 namra

332 1503 443 1566 irenen
456 1523 580 1564 uxorem
597 1499 700 1566 duxit:
723 1502 933 1586 quaeiiliosei
953 1508 1071 1588 peperit
1092 1506 1189 1586 duos,
1219 1510 1364 1570 loannem
1384 1519 1415 1569 et

331 1603 543 1667 Demetrihmc
576 1601 652 1664 filias
672 1613 794 1682 ternas,
819 1624 951 1688 quarum
968 1605 1186 1687 primogenitae
1206 1607 1337 1669 inditum
1358 1628 1414 1668 no-

330 1722 403 1764 men
415 1699 610 1764 Theodorae.
664 1702 853 1764 Matthaeum
874 1714 961 1785 pater
981 1707 1194 1786 imperatorem
1213 1708 1414 1782 renunciavit,

330 1799 474 1885 deditque
496 1800 528 1863 id
547 1801 689 1885 precibus
708 1805 887 1885 praesertim
900 1804 1062 1887 exercitus:
1092 1825 1184 1889 quem
1201 1817 1304 1867 tamen
1324 1806 1414 1866 Ioan-

329 1919 384 1962 nes
399 1897 598 1983 Palaeologus
614 1899 701 1964 heres
717 1900 867 1984 legitimus
890 1904 1018 1984 imperio
1032 1903 1118 1964 abire
1130 1907 1236 1986 coegit
1279 1902 1413 1965 Manueli

329 1997 424 2062 liliam
438 1999 541 2084 Syrgis
556 1999 631 2083 (suit
654 2002 703 2063 hie
727 2002 910 2085 Cypriorum
931 2023 1003 2086 rege
1026 2005 1220 2088 procreatus)
1243 2003 1412 2087 despondit.

329 2098 391 2160 Sed
405 2098 437 2161 id
451 2096 636 2184 connubium
651 2101 761 2184 Syrges
784 2112 855 2164 ante
868 2106 990 2186 nuptias
1004 2104 1139 2168 rescidit.
1180 2107 1256 2168 Post
1270 2105 1411 2182 Libente,

330 2197 538 2260 Triballorum
563 2187 760 2285 dynastariun
789 2204 1034 2285 potentissimus,
1074 2203 1167 2268 liliam
1197 2227 1283 2267 suam
1315 2205 1413 2268 eidem

329 2297 464 2359 Manueli
479 2297 659 2382 desponderi
673 2304 777 2384 cupit,
801 2313 832 2364 et
846 2302 1067 2385 despondetiu,
1089 2316 1124 2366 ut
1137 2316 1182 2367 est
1195 2304 1276 2368 libro
1296 2306 1329 2366 ὅ.
1343 2326 1411 2387 cap.

328 2393 381 2477 48.
426 2397 578 2461 Hactenus
593 2399 631 2463 de
647 2402 794 2465 maribus.
827 2401 1004 2465 Puellarum
1015 2405 1110 2467 trium
1121 2408 1246 2469 nomina
1259 2416 1330 2468 aunt
1345 2406 1412 2467 Ma-

327 2498 394 2575 ria,
418 2498 601 2580 Theodora,
634 2500 762 2563 Helena.
804 2501 941 2565 Primam
955 2504 1127 2587 Nicephoro
1142 2507 1265 2587 Ducat,
1289 2505 1436 2566 loannis'

327 2594 480 2679 Despotae
491 2598 566 2678 filio,
576 2600 767 2663 Acarnaniae
779 2604 921 2685 principi,
937 2603 1073 2665 nondum
1089 2608 1280 2687 septennium
1294 2624 1411 2687 egresso

326 2706 432 2776 pactus
447 2708 503 2759 est.
546 2697 684 2762 Alteram
699 2701 836 2764 Orcheni
851 2693 982 2783 Persae,
1012 2724 1067 2765 seu
1080 2705 1200 2766 Turcae
1213 2706 1336 2787 potius,
1358 2704 1412 2763 Bi-

326 2792 450 2879 tliyniae
464 2796 587 2861 domino
601 2800 744 2863 tradidit:
775 2804 861 2865 cuius
875 2804 984 2885 opibus
998 2826 1064 2866 rem
1086 2825 1173 2869 suam
1195 2822 1410 2889 saepenumero

326 2898 504 2959 sustentavit
532 2909 623 2983 atque
647 2900 862 2964 constabilivit.
916 2904 1106 2965 Postremum
1128 2927 1199 2970 cum
1214 2906 1330 2968 loanne
1349 2904 1409 2963 Pa-

324 2988 461 3077 laeologo
483 2998 685 3080 imperatore,
701 3022 850 3062 annorum
873 3002 1045 3084 quindecim
1067 3004 1268 3084 adolescente,
1283 3004 1409 3064 coniun-
1495 3023 1496 3026 ’

326 3094 390 3175 xit,
419 3117 510 3176 quem
526 3097 631 3161 laudat
644 3098 699 3161 lib.
718 3100 749 3179 4.
767 3123 835 3182 cap.
855 3124 883 3161 r.
924 3104 1023 3165 Exeo
1045 3105 1238 3165 matrimonio
1253 3102 1409 3163 Androni·

323 3210 398 3271 cus,
429 3196 573 3276 Manuel,
605 3200 754 3275 loannes,
785 3200 957 3261 Demetrius
971 3202 1045 3283 tilii,
1075 3214 1106 3263 et
1120 3203 1208 3263 Irene
1221 3201 1283 3263 filia
1297 3220 1408 3285 propa·

324 3292 386 3369 gati
409 3305 493 3356 sunt.
536 3296 628 3355 Suam
652 3301 765 3379 cuique
786 3301 880 3360 trium
902 3300 1033 3362 filiarum
1055 3300 1238 3385 peculiarem
1259 3301 1407 3365 laudatio·

323 3408 394 3449 nem
406 3392 551 3475 impertit,
571 3394 750 3457 Theodorae
764 3396 820 3459 lib.
834 3400 865 3459 ὅ.
881 3421 949 3482 cap.
966 3399 1032 3484 95„
1056 3401 1189 3464 Helenae
1209 3401 1316 3461 eodem
1328 3398 1407 3460 libro

323 3506 392 3569 cap.
411 3488 483 3567 54,
506 3494 640 3573 Mariae,
665 3516 743 3578 quae
763 3497 898 3559 adversis
917 3500 1036 3561 casibus
1058 3512 1183 3583 propter
1196 3522 1326 3583 nequam
1341 3520 1406 3559 rna-

321 3589 415 3649 ritum
431 3590 558 3671 ianam,
587 3595 709 3657 tandem
731 3618 768 3657 eo
790 3600 889 3660 occiso
902 3622 974 3662 cum
986 3610 1084 3663 mane
1097 3600 1278 3663 monacham
1290 3602 1405 3684 Byzan-

321 3686 450 3767 tiiegit,
479 3686 534 3749 lib.
552 3690 585 3770 4
601 3714 669 3777 cap.
689 3694 742 3775 43.

404 3784 560 3871 Principio
581 3790 749 3857 Andronici
775 3800 825 3857 avi
850 3799 982 3861 cubiculi
1007 3803 1085 3862 sacri
1118 3802 1304 3884 praepositus
1327 3796 1401 3856 sitiit

321 3884 619 3952 deinde'Andronici
641 3898 759 3976 nepotis
779 3899 874 3978 (euius
896 3900 1016 3961 videtur
1036 3901 1174 3982 coaevus)
1197 3920 1324 3983 maguus
1346 3895 1401 3954 do·

320 3987 473 4047 mesticus.
517 3989 680 4052 Thraciam
695 3996 864 4077 praefectus
887 4021 940 4059 seu
963 4012 1088 4081 praetor
1112 4002 1302 4085 gubernavit.
1329 3996 1402 4055 Fuit

317 4083 390 4147 item
415 4090 555 4169 princeps
575 4090 699 4157 militiae
721 4098 950 4178 imperatoriae,
978 4102 1042 4162 sive
1061 4104 1217 4184 copiarum
1238 4100 1298 4160 dux
1316 4117 1399 4156 stam·

318 4202 397 4247 mus.
439 4184 613 4255 Auctoritas
627 4194 709 4275 eins,
738 4207 869 4279 potestas
882 4209 913 4259 et
926 4202 1104 4263 exutimatio
1118 4199 1320 4263 incredibilis:
1341 4198 1395 4274 ita,
