3025 4900
191 761 470 852 luAvaor
502 762 613 851 Tor
643 761 1173 863 KANTAKOPZHNOP

432 941 649 1010 mortun
672 943 876 1012 asemon
894 948 938 1011 a.

150 1227 154 1234 .
257 1128 556 1224 IOANNIS
593 1123 1109 1229 CANTACUZENI

428 1297 726 1369 intromittam
746 1306 871 1374 emen
892 1302 936 1375 n.

534 1560 840 1618 reumont.

214 1695 289 1766 Quid
305 1699 446 1768 asperiore
462 1699 535 1752 libro
554 1701 715 1754 memorarit
735 1695 860 1772 quidque
874 1702 1001 1772 proxime
1021 1703 1150 1774 tequenti
1167 1713 1224 1758 mt··

140 1767 303 1822 morandum
319 1771 371 1830 eit,
393 1785 444 1839 per
467 1771 662 1824 transitionem
686 1769 841 1844 signifieat.
884 1771 926 1822 Ne
962 1773 1000 1823 tie
1017 1785 1152 1842 occupata
1170 1775 1225 1841 eya

140 1841 238 1892 taneio
256 1839 286 1890 in
300 1855 383 1891 auum
397 1855 482 1900 cura,
499 1842 678 1902 reuerentia,
699 1839 806 1900 leonae,
824 1839 915 1892 libere
928 1843 993 1892 itae.
1025 1843 1133 1912 Magno
1145 1844 1225 1912 logo-
1238 1838 1259 1874 l

141 1907 233 1962 tltetae
262 1909 430 1978 ignoscitur.-
460 1908 491 1960 in
511 1923 741 1980 pratcetratorem
764 1909 842 1962 urbie
865 1909 1048 2032 pragecteera
1070 1911 1223 1993 confertur.

140 1977 213 2031 Petit
231 1978 381 2048 imperator
398 1994 415 2029 a
431 1980 612 2047 patriarcba,
632 1981 676 2032 uti
693 1981 725 2032 in
741 1981 863 2050 gentiam
880 1996 911 2032 re
947 1991 978 2031 at
998 1997 1059 2034 cum
1076 1982 1224 2051 episcopie,

139 2065 159 2101 a
183 2047 282 2119 quibus
291 2047 394 2117 fuerat
411 2045 584 2104 veliementer
600 2049 728 2120 offensus.
774 2051 834 2117 Quo
850 2061 935 2117 pacto
952 2049 1070 2103 alarcos
1088 2050 1224 2103 Cabalia-

139 2119 216 2178 riste,
235 2115 445 2170 maledicentiae
463 2119 494 2169 in
512 2121 599 2202 ipsum
616 2135 691 2180 reue,
706 2120 767 2172 eiue
780 2130 926 2187 conspectu
943 2120 1120 2190 tremescente
1128 2119 1225 2190 suerit

140 2197 169 2239 et
180 2185 450 2309 σοιϊιιιι·ἰε((ἶιιρ.ὶζἱ
481 2188 573 2242 tlstts't
584 2205 635 2240 tuo
651 2189 712 2242 loco
730 2203 857 2258 magnum
864 2184 1051 2252 domeeticum,
1069 2191 1121 2262 qui
1133 2190 1224 2258 patri·
1239 2191 1257 2209 ⁴
1361 2234 1366 2243 .

140 2255 253 2309 arebam
266 2257 377 2325 flectat.
449 2269 534 2310 uetra.
570 2259 635 2311 Dies
648 2255 760 2323 Synado
777 2249 890 2340 dieitur.
924 2257 1098 2313 Domestieue
1114 2259 1224 2328 epieco-

137 2343 236 2448 ibib
259 2327 588 2467 §tibiis-libbi:
612 2327 708 2449 llll
729 2325 1224 2468 liff'isi‘dfflilssiboiipii

141 2465 320 2518 benemeritos
330 2478 467 2537 totamque
480 2468 622 2520 civitatem
634 2466 828 2538 munificentia
837 2465 884 2535 (u).
919 2468 1076 2519 Moesorum
1087 2471 1120 2519 in
1129 2467 1223 2521 Thra-

141 2536 397 2606 ciameuperiorem,
415 2535 539 2587 vicissim
548 2536 1075 2605 Romanoruminbloeeiamimpreeeio,
1094 2550 1122 2590 et
1138 2549 1223 2607 capta

138 2604 303 2674 Diampolie.
329 2605 402 2657 >Alia
416 2606 573 2657 Moesorum
588 2608 619 2659 ist
634 2604 932 2675 lltraciamirruptia,
949 2606 1046 2659 llueeli
1062 2608 1220 2677 occupatio,

140 2674 257 2726 Probati
269 2671 383 2726 obsidio.
418 2673 647 2747 liomaniscedue
656 2678 793 2729 violatum
805 2674 953 2735 obiiciunt,
971 2676 1061 2728 minae
1071 2678 1220 2727 intentant

139 2744 250 2797 Moesus
267 2760 377 2796 caueam
395 2739 515 2805 indicat,
534 2761 585 2797 cur
598 2760 705 2816 partem
722 2740 755 2795 de
774 2746 888 2813 imperio
905 2744 1027 2795 llomano
1044 2742 1099 2795 eibi
1118 2746 1219 2813 cupiat.

141 2813 303 2866 Ostendetur
319 2810 479 2884 magnitudo
500 2814 617 2867 Romani
633 2816 782 2873 exereitus,
799 2830 858 2881 qua
874 2815 989 2864 territue
1000 2813 1111 2866 lloesue
1124 2829 1220 2883 pacem
1245 2822 1251 2835 ·

138 2884 282 2953 promittit.
319 2884 410 2948 Quare
430 2896 485 2936 tam
503 2882 638 2937 audacter
653 2886 685 2936 in
697 2882 846 2936 lbraciam
864 2882 954 2935 blotei
968 2875 1164 2949 praedabundi
1175 2883 1219 2933 ir-

139 2964 261 3005 ruerent
296 2953 436 3007 liotnanue
452 2954 547 3015 milet,
571 2955 668 3022 epoliis
686 2968 768 3023 aegre
786 2962 901 3012 carent,
921 2964 1043 3017 pugnam
1068 2969 1127 3003 non
1143 2968 1220 3004 eom·

139 3024 248 3075 missam
265 3020 347 3077 dolet·
386 3024 602 3092 Redintegratur
625 3026 700 3076 inter
714 3024 837 3077 Mosam
861 3032 889 3073 et
910 3020 1101 3089 imperatorem
1118 3018 1218 3072 amici-

140 3090 237 3163 tia(3).
270 3094 391 3163 Magnus
408 3089 571 3149 domesticus
587 3094 741 3163 Syrgianni
759 3090 930 3145 tolerabilem
949 3104 1099 3151 carcerem,
1117 3088 1218 3142 debinc

139 3162 295 3215 libertatem
312 3178 418 3217 exorat.
453 3166 537 3215 Amor
553 3176 661 3217 mutuus
680 3162 858 3233 imperatorit
874 3171 901 3213 et
919 3156 1078 3221 domestici,
1099 3161 1151 3231 qui
1171 3154 1218 3208 di·

139 3232 218 3283 uieae
234 3234 380 3301 petitionis
393 3234 529 3287 rationem
541 3232 640 3286 reddit.
658 3234 824 3299 Magistrum
835 3246 914 3282 suum
926 3230 1075 3281 militarem
1087 3227 1215 3281 celebrat.
1268 3262 1273 3273 .

139 3300 309 3369 Syrgiannes
325 3298 451 3357 custodia
468 3304 605 3357 liberatur
613 3300 661 3373 (i)
696 3302 780 3356 Xena
798 3302 975 3370 imperatorie
986 3306 1074 3349 mater
1088 3312 1216 3366 amagno

138 3366 286 3423 domestico
307 3390 335 3425 se
353 3376 469 3427 celatam
485 3376 624 3428 irascitur.
662 3374 796 3426 Germani
813 3372 996 3451 pecuniarum
1012 3378 1132 3451 egentes,
1148 3383 1215 3436 pro·

135 3434 1217 3581 clicuit?2³:ementeztzczzcututtettz‘u:‘oni

135 3596 192 3701 ppt
218 3583 345 3651 accipere
368 3600 486 3654 quarum
510 3600 595 3635 cauea
617 3584 764 3653 pecuniam
786 3592 879 3650 petere
897 3575 1080 3636 videbantur,
1106 3576 1212 3627 ”vlunt

165 3652 309 3705 omeetieue
348 3666 409 3704 aree
432 3668 546 3706 onerum
568 3666 679 3703 suorum
703 3649 873 3721 Apocauclta
898 3646 1024 3699 bumeroe
1045 3654 1213 3715 eupponente

136 3716 257 3771 levatur.
301 3670 432 3773 Plisn'bus
458 3714 492 3775 de
511 3722 604 3772 caueie
621 3721 772 3790 imperator
791 3720 919 3784 Cyzicum
938 3713 1028 3767 vadit
1073 3714 1134 3766 Pae
1152 3726 1213 3763 cum

138 3788 327 3844 Zamerclsane
349 3804 484 3861 satrapa,
509 3788 589 3843 urbes
606 3791 722 3843 orientie
748 3790 897 3859 infestante
905 3783 953 3856 (5).
994 3782 1048 3837 Ree
1064 3780 1213 3836 advereum

137 3858 271 3913 barbaros
286 3862 317 3913 in
327 3859 461 3929 Bithynia
477 3861 561 3912 vario
577 3871 689 3922 eventu,
707 3876 757 3912 nec
774 3862 834 3910 eine
851 3858 1034 3909 llomanorum
1050 3854 1143 3924 gloria
1160 3846 1213 3902 ad-

136 3932 296 3983 ministrata
305 3931 356 4000 (6).
429 3931 524 3983 sentius
546 3922 586 3982 ed
600 3940 830 3999 protostratorem
853 3927 1024 3992 Byzantium.
1066 3922 1160 3974 Navee
1179 3927 1212 3970 ut

135 3998 193 4051 sint
212 4010 331 4069 paratae
350 4000 468 4055 iubetur.
505 4000 603 4053 Caetra
626 3994 823 4053 custodiuntur
838 3992 885 4066 (7)
937 3996 1012 4048 Laus
1025 3989 1210 4046 Romanorum

136 4086 171 4119 ex
188 4084 237 4121 ore
255 4068 379 4121 boetium.
414 4070 496 4123 Senot
511 4071 657 4123 Persarum
677 4080 807 4140 proceret
828 4064 886 4118 loci
903 4058 1212 4118 minationemlieeaea

136 4134 203 4189 dent
225 4150 253 4191 et
278 4155 335 4207 qua
361 4142 492 4193 cautione
518 4142 549 4191 in
574 4136 667 4192 eodem
688 4134 821 4207 infamiae
838 4132 974 4205 vitandae
993 4148 1078 4185 cauea
1095 4140 1211 4180 mamn-

135 4202 215 4267 eluet,
236 4206 399 4262 edisserunt.
437 4210 537 4263 lietmor
555 4206 589 4259 ele
607 4208 784 4278 imperatorie
801 4202 890 4265 obitu,
900 4202 976 4276 suaa
995 4202 1121 4253 militum.
1154 4192 1211 4243 ΙΜ-

133 4287 250 4344 perator
275 4278 538 4351 Constantinopolin
566 4276 651 4333 lembo
677 4272 876 4331 transducitur.
923 4268 1004 4343 Apud
1026 4268 1211 4323 l'ltiloerenett
