3025 4900
313 247 405 354 354.
723 273 1003 344 cauriensem

40 433 43 444 “
167 439 235 492 tc.
247 433 424 510 ιοορδέντες
443 427 499 496 διδ
518 422 673 514 όλλήλων,
693 425 724 494 οἲ
742 431 802 512 μὲν
821 427 1025 494 taeniam
1045 425 1154 511 όπέσω,
1174 447 1279 516 ωσπερ
1301 427 1411 516 πυρός

282 533 368 616 Βτῆς
384 529 556 612 Ῥωμαέων
576 527 768 610 ἀπεχόμενοι
786 530 955 614 στρατιᾶς,
987 525 1042 591 καὶ
1059 528 1134 610 μηδ’
1162 525 1256 610 ἐγγύς
1284 527 1414 609 ὑπομέ-

312 651 417 704 νοντες
435 624 598 711 γενέσθαι.
626 627 776 708 βασιλεύς
796 626 832 692 δέ
849 625 906 691 καὶ
924 623 955 690 οἱ
975 619 1058 712 ἄμφ’
1078 621 1182 706 αὐτόν,
1202 626 1411 707 ένοχλοόντος

311 723 454 812 μηδενός,
475 723 553 812 πρός
573 721 609 790 τό
630 721 810 811 στράτευμα
829 720 1009 808 γενόμενοι,
1029 720 1091 808 τὴν,
1105 720 1160 786 ἐπὶ
1176 721 1212 787 τό
1233 722 1411 808 στρατόπε-

314 827 368 890 δον
387 826 543 910 ἐχώρουν·
582 819 836 906 Σεβαστόπουλος
855 825 891 888 δέ
910 847 959 900 τις
977 824 1041 888 τῶν
1060 817 1321 904 ὑποτεταγμένων
1339 825 1433 903 tias-5

312 929 403 1005 σιλεῖ,
424 920 460 986 τό
481 923 567 1006 γένος
584 924 645 1003 μέν
661 918 788 1002 Μυσὸς,
809 919 996 1008 τριακοσιλον
1015 921 1054 985 δέ
1073 912 1181 1006 ἅρχων
1200 920 1409 1018 ατρατιωτοόη

313 1015 353 1085 ού
374 1019 456 1087 πάνυ
477 1020 698 1103 ὡπλισμένων,
720 1020 795 1086 eddi
817 1023 924 1098 ἵπποις
941 1019 1117 1106 χρωμένων
1138 1017 1290 1102 όγαδοῖς,
1321 1018 1409 1082 ἄλλα

314 1119 371 1204 τὴν
392 1120 529 1206 ἐσχάτην
547 1119 656 1206 χιόραν
677 1117 851 1204 ἐπεχόντων
870 1119 905 1186 ἐν
923 1123 962 1207 τῇ
982 1119 1133 1208 στρατιᾷ,
1152 1119 1227 1196 τούς
1246 1141 1281 1181 τε
1301 1117 1411 1190 ἰδίους

315 1212 380 1284 ὅσοι
409 1211 491 1302 ἦσαν
519 1216 714 1304 παραλαβών
743 1221 799 1284 καί
825 1215 939 1297 πεζούς
966 1215 1283 1303 προσεταιρισάμενος
1303 1239 1410 1294 τινας,

313 1315 373 1401 τήν
394 1307 490 1400 ἄλλην
509 1314 661 1400 στρατιοὶν
681 1312 843 1384 ἆπολιποέν
854 1366 864 1398 ,
893 1313 1001 1403 δρόμῳ
1021 1313 1100 1380 κατὰ
1120 1318 1257 1401 Περσοόν
1274 1315 1452 1398 &cissam

314 1411 492 1491 συνιδόντες
513 1416 549 1480 δέ
569 1412 598 1479 οἱ
618 1418 757 1502 Πέρσαι,
780 1413 823 1493 τός
843 1413 898 1480 ἐπὶ
916 1419 1000 1504 κακῷ
1022 1417 1066 1505 τῷ
1085 1419 1227 1502 σφετέρην
1248 1411 1306 1498 τὴν
1326 1411 1410 1499 ἔφο-

319 1515 374 1578 δον
393 1517 553 1580 ποιοῦνται
573 1514 707 1599 ταυτηνὶ
725 1514 781 1581 καὶ
798 1510 975 1600 ιῖποστῆσαι
985 1517 1040 1599 τῆς
1053 1517 1205 1600 στρατιᾶς
1219 1509 1410 1595 βουλόμενοι

316 1609 449 1680 ἐπιπολό
460 1663 470 1696 ,
507 1609 566 1699 τὴν
596 1606 693 1698 ἧττόν
718 1639 751 1679 τε
771 1617 1016 1700 προσεποιοῦντο
1036 1617 1092 1680 seni
1111 1613 1238 1700 φεύγειν
1255 1611 1407 1677 ἐδόκουν·

295 1709 353 1812 coi
373 1713 403 1776 δ’
423 1713 588 1802 ἐφείποντο
614 1709 764 1797 ἀνοήτως.
783 1707 841 1778 εἶτ’
861 1711 1020 1800 αἰφνίδιον
1040 1711 1071 1778 oi
1090 1713 1248 1800 βάρβαροι
1268 1733 1410 1793 συστρα-

319 1814 447 1898 φέντες,
489 1811 549 1899 βοῇ
568 1835 602 1878 τε
621 1814 762 1897 ἐχρῶντο
782 1811 838 1878 καὶ
855 1812 1050 1896 ἀλαλαγμοῖς
1073 1814 1129 1878 aas*
1153 1820 1218 1887 τοῖς
1237 1807 1452 1892 ‘Populonio

315 1909 503 1996 ἐπεφέροντο
524 1909 629 1990 ὀξέως·
649 1907 680 1976 οἷ
700 1913 735 1976 δέ
754 1908 799 1994 μῆ
821 1911 994 1994 ἐνεγκόντες
1010 1913 1075 1975 τόν
1088 1908 1261 1996 βαρβάρων
1274 1903 1334 1990 τὴν
1348 1903 1410 1991 όρ-

314 2005 390 2092 μην,
410 2005 580 2093 ἐτρόποντό
601 2033 635 2074 τε
655 2008 711 2074 καὶ
728 2013 921 2094 κατέστησαν
938 2011 984 2085 εἰς
1004 2005 1128 2096 φυγήν.
1157 2006 1212 2072 sui
1230 2005 1328 2070 εἴκοσι
1345 2007 1409 2086 μὲν

316 2099 475 2174 intrusos
495 2107 530 2172 ἐκ
549 2110 611 2173 τοόν
630 2105 769 2190 ἱππέων,
801 2111 891 2174 πέντε
921 2109 958 2172 δέ
986 2110 1042 2172 καί
1066 2112 1167 2194 ἕτεροι
1185 2108 1331 2172 τοσοῦτοι
1349 2127 1409 2168 πε-

318 2205 382 2287 ζοέ·
414 2203 444 2272 οἱ
464 2208 495 2271 δ’
514 2199 606 2274 ἄλλοι
625 2207 833 2292 διεσώθησαν,
852 2208 888 2271 ἐκ
914 2210 971 2293 τῆς
997 2210 1150 2293 στρατιᾶς
1170 2207 1292 2270 πολλῶν
1312 2198 1409 2283 ὀξέως

317 2301 612 2390 ἐπιβοηθησόντων.
648 2303 799 2390 βασιλεύς
826 2308 859 2371 δ’
887 2306 958 2370 ἐπεὶ
985 2302 1285 2390 ἐστρατοπεδεύσατο
1311 2300 1446 2370 πόλιννο
1508 2276 1509 2369 i

318 2400 400 2469 ιιατό
421 2401 476 2471 τόν
497 2403 693 2489 Πελεκόνον,
724 2407 771 2483 εἰς
791 2404 967 2485 Βυζάντιον
994 2395 1094 2482 εόθός
1118 2401 1192 2478 τοός
1210 2399 1410 2488 μηνύσοντας

318 2499 436 2583 ἔπεμπε
456 2504 710 2592 πρωτοοτρότορι
731 2503 772 2570 τό
792 2508 998 2590 γεγενημένα,
1029 2506 1152 2570 ἐκέλευέ
1170 2526 1204 2567 τε
1224 2504 1302 2577 ναός
1321 2498 1408 2583 ἐχειν

320 2603 617 2687 παρεσκευασμένας
637 2600 715 2689 πρός
735 2601 792 2668 τόν
810 2604 917 2689 πόρον,
937 2602 981 2677 ὥς
1000 2602 1220 2687 τῆςστρατιᾶς
1234 2596 1410 2681 μετὰ-μίαν

291 2698 445 2787 Βῆμέραν
465 2693 485 2787 ἢ
506 2702 657 2790 δευτέραν
675 2689 989 2790 περαιωδησομένης.
1033 2702 1140 2775 δείσας
1169 2700 1205 2762 dd
1225 2696 1290 2783 μὴ,
1330 2692 1405 2780 ὅπερ

318 2848 376 2903 lam
401 2866 465 2905 vero
489 2872 550 2908 cnm
570 2854 686 2910 viriliter
709 2872 893 2927 generoseqne
910 2853 1107 2917 decertassent,
1126 2860 1154 2905 et
1172 2868 1272 2922 paucos
1294 2847 1407 2920 quidem

323 2918 469 2987 barbaros,
488 2927 607 2982 illustres
624 2936 715 2980 umen
729 2927 901 2987 occidissent,
914 2924 1103 2977 discesserunt.
1138 2924 1234 2976 Persae
1250 2928 1339 2972 antem
1351 2920 1408 2969 llo·
1509 2979 1510 2982 ρ

323 2993 411 3075 manis
431 2997 546 3065 amplius
568 3014 623 3049 uon
643 2998 726 3066 magis
745 3014 825 3067 qnam
850 2997 906 3066 igni
932 2996 1149 3065 appropinquare
1172 3008 1273 3062 cosque
1294 2998 1407 3057 tangere

323 3075 382 3115 susa
410 3074 479 3117 sunt
517 3068 572 3119 llex
588 3084 647 3119 cuns
676 3070 747 3129 suis,
766 3068 842 3118 nullo
862 3066 1045 3128 obturbante,
1063 3064 1097 3116 ad
1115 3065 1262 3115 exercitum
1283 3074 1407 3112 serenus

322 3140 407 3185 castra
420 3136 515 3203 petiit;
535 3144 563 3189 at
577 3136 685 3206 quidum
703 3136 898 3207 Sebastopulns
917 3136 1073 3205 imperatori
1086 3151 1201 3204 parens,
1235 3146 1314 3198 encre
1325 3130 1407 3181 Μοι-

323 3218 384 3266 sus,
403 3210 584 3259 trecentorum
599 3207 717 3259 militum
743 3224 799 3259 non
822 3205 902 3258 valde
919 3213 1097 3267 armatorum,
1116 3219 1205 3275 neque
1259 3215 1407 3269 noscquos

321 3268 481 3326 habentium
496 3276 650 3345 praefectus
667 3271 695 3329 itt
710 3280 739 3328 in
750 3284 871 3329 extremo
885 3278 991 3344 agmine
1010 3276 1198 3333 militantium,
1212 3270 1337 3324 omnibus
1350 3270 1407 3320 suis

321 3346 465 3414 assumptis
486 3354 514 3399 et
533 3344 672 3415 peditibus
689 3347 796 3418 aliquot
817 3349 848 3399 in
864 3346 995 3399 auxilium
1016 3346 1126 3408 ascitis,
1151 3344 1259 3414 reliquo
1284 3340 1407 3393 exercitu

323 3410 446 3479 deserto,
466 3418 564 3469 cursim
588 3418 618 3468 in
636 3418 726 3469 Persas
747 3416 886 3469 tendebat
923 3416 967 3467 llli
989 3414 1060 3468 banc
1078 3414 1267 3467 incitationem
1282 3409 1317 3463 sd
1331 3424 1408 3461 snam

322 3483 471 3549 perniciem
486 3486 622 3555 pertinere
640 3488 692 3539 rati
706 3494 734 3538 et
745 3488 853 3557 longius
868 3501 914 3538 cos
929 3486 964 3537 ab
978 3488 1097 3538 exercitu
1108 3486 1229 3536 volentes
1240 3479 1407 3541 abstrahere,

322 3552 484 3692 ttulit:
498 3550 1408 3697 '‘stltu„trituraturis·,attulerit

323 3688 380 3742 lere
405 3700 432 3743 at
451 3695 481 3745 iu
502 3696 634 3750 linmunos
653 3699 788 3750 violenter
808 3700 922 3755 irruere.
956 3696 1013 3766 Qui
1030 3666 1232 3765 imbressionem
1250 3710 1308 3745 non
1326 3692 1409 3742 susti-

322 3766 420 3843 nentes
437 3764 467 3815 iu
480 3764 568 3835 lugam
586 3786 614 3821 se
629 3764 794 3821 effuderunt
831 3766 972 3820 Trucidati
990 3767 1095 3837 equites
1118 3764 1241 3836 quinque
1262 3776 1344 3831 snpra
1364 3760 1410 3811 vi·

323 3832 409 3898 8¹³5·
434 3832 539 3903 pedites
560 3836 691 3891 totidem:
715 3848 820 3891 ceteros
847 3836 982 3899 subitum,
1001 3855 1053 3890 nee
1074 3838 1201 3905 exiguum
1224 3834 1260 3885 ab
1285 3830 1407 3883 exercitu

321 3900 432 3951 missum
456 3903 607 3959 subsidium
626 3911 803 3961 conservavit.
838 3904 987 3975 imperator
1001 3924 1107 3959 rursum
1119 3908 1149 3959 in
1162 3904 1291 3957 Peleosno
1307 3908 1408 3953 castra·

299 3976 454 4045 metatus,
478 3974 621 4029 confestim
654 3980 811 4045 byzantium
832 3979 1023 4046 prolocutori
1051 3985 1110 4028 seta
1133 3976 1291 4027 nuntiatum
1315 3970 1406 4021 misit:

322 4056 383 4093 cum
398 4041 541 4105 mandatis,
558 4046 598 4097 uti
615 4064 696 4100 naves
714 4048 749 4101 ud
759 4046 988 4100 transducendum
999 4054 1062 4115 post
1074 4061 1159 4098 unum
1175 4045 1323 4096 alterumve
1333 4040 1407 4092 diem

322 4111 471 4165 exercitum
491 4122 598 4181 paratae
619 4126 715 4171 essent.
750 4120 863 4173 Etcum
882 4124 1038 4179 vereretur,
1054 4132 1090 4168 ne
1106 4113 1200 4186 (quod
1219 4112 1339 4181 accidit)
1354 4110 1409 4161 alia

323 4202 405 4262 qsssm
422 4200 472 4255 pro
490 4198 554 4239 vcro
569 4182 603 4237 da
617 4186 729 4242 vulnere
741 4206 793 4243 sno
806 4189 877 4242 [ποια
888 4186 1085 4258 divulgaretur,
1101 4185 1137 4239 de
1158 4202 1192 4238 co
1211 4198 1324 4256 quoqne
1342 4195 1414 4251 pro·
