3025 4900
493 378 775 450 ειετοιιιλιιιιιι
803 387 829 448 1:
851 386 902 459 ιι.
1182 357 1238 443 63

156 532 305 612 εἰωθότος
317 541 384 612 τοῖς
396 536 567 620 βασιλείοις
585 538 748 622 ἐπιδημεῖν
769 541 825 604 καί
845 537 1050 624 διημερεύειν,
1068 535 1124 602 καδ
1139 537 1380 624 αι’τῆνέ.ῦ.ι3αι

156 631 214 720 τῆν
227 635 286 699 resi
296 635 438 718 μεγάλου
451 633 578 712 κανόνος
591 635 713 723 ἡμέραν
733 636 995 722 διημερεύσαντες
1008 644 1073 714 τοῖς
1095 640 1237 719 βασιλεῖ-

155 756 220 814 οις,
242 735 297 798 κατ’
307 725 369 818 ῆδη
383 731 491 810 νυκτὸς
503 736 618 800 susten

154 827 234 896 κατά
247 829 346 914 τάχος
354 836 583 914 μετεκαλέσατο
597 831 683 919 παρά
694 831 730 900 τά
746 833 897 919 πρότερον
905 833 1032 930 plaisir.
1055 835 1146 900 serico
1160 836 1195 898 δὲ
1208 835 1238 900 οῖ

132 927 214 994 5τοῦ
223 929 363 1013 μεγάλου
378 933 544 1014 λσγαδέτου
557 923 677 1012 παῖδες,
688 929 868 1018 Δημήτριος
880 933 935 996 καί
946 928 1138 1018 Νικηφόρος,
1151 931 1267 1007 itta-a

151 1051 207 1105 τες
216 1031 275 1093 καί
293 1027 371 1114 περί
387 1051 482 1096 τινων
493 1033 680 1117 καινοτέραν
693 1028 750 1116 τῆν
768 1031 828 1094 τοῦ
849 1025 966 1116 πατρὸς
981 1024 1066 1116 &iit
1080 1030 1237 1118 μετάκλη-

152 1150 227 1210 σιν,
247 1124 292 1205 άς
303 1125 386 1206 εἰκάς
391 1178 403 1211 ,
426 1124 702 1214 ὖπολογισάμενοι,
726 1125 816 1218 (aiat
828 1126 890 1216 γάρ
907 1128 976 1194 οὐδ’
990 1129 1082 1196 eicos*
1098 1131 1160 1196 κάν
1179 1154 1237 1212 με.

151 1228 340 1308 λιτομέναν
349 1224 433 1293 κατά
446 1229 504 1295 τοῦ
514 1229 590 1294 νέου
598 1232 753 1312 βασιλέως
767 1225 894 1314 άνῆκοοι
906 1219 1011 1315 ῆσαν,)
1031 1223 1144 1314 ῆκουσι
1158 1215 1235 1313 πρὸς

150 1327 287 1408 βασιλέα
301 1322 356 1391 τὸν
375 1328 444 1390 νέον
467 1329 524 1392 καὶ
537 1325 574 1392 τὸ
591 1325 717 1409 συμβάν
734 1321 992 1410 άπαγγειλαντες,
1018 1325 1045 1408 ἃ
1065 1328 1175 1393 δέοντα
1196 1321 1236 1392 aiv

112 1425 277 1504 ιονομιζσι
295 1421 371 1510 περὶ
385 1419 502 1490 ἑαυτοῦ
516 1425 637 1492 ἐδέοντο
656 1428 746 1514 δρρῖν.
773 1423 793 1490 δ
809 1422 958 1508 βασιλεὺς
976 1425 1013 1490 δὲ
1032 1423 1165 1502 τούτους
1177 1427 1236 1506 μὲν

148 1520 338 1606 εἰσέπεμψεν
352 1523 526 1607 ἐπαινέσας,
540 1523 621 1606 μετά
638 1527 674 1590 δὲ
688 1527 750 1592 τάν
766 1526 866 1613 φίλων
883 1523 1143 1608 διασκεψάμενος,
1161 1521 1244 1590 isici-⁴

148 1643 199 1684 κει
216 1621 292 1704 δεῖν,
314 1622 390 1686 inei
403 1622 460 1687 καὶ
475 1629 544 1705 μετ’
561 1623 601 1688 αδ
619 1621 698 1689 πσλά
719 1628 775 1709 τῆς
791 1619 899 1710 ἑορτῆς
913 1623 1012 1711 χάριν
1031 1621 1142 1711 καιρὸς
1159 1622 1236 1709 eips-

151 1721 267 1784 κέσθαι
280 1716 358 1806 πρὸς
370 1717 412 1785 τά
427 1725 582 1806 βασιλεια,
596 1716 712 1810 (άλλως
726 1725 789 1810 γὰρ
807 1721 891 1807 εἶχεν
907 1715 946 1790 biv
959 1721 1103 1806 άποψίαν
1117 1721 1138 1807 ῆ
1160 1713 1237 1808 sipt-

149 1819 224 1906 ξις,)
243 1823 350 1885 ἐλθεῖν
363 1817 420 1885 sai
434 1815 495 1906 πρὸ
509 1824 568 1885 rori
587 1824 709 1908 καιροῦ.
734 1817 814 1906 ,μάν
829 1826 888 1906 μὲν
900 1821 1084 1908 περάσασαν
1095 1813 1237 1906 άλλωνῆ

109 1917 320 2000 εὸδιάσκεψις
329 1909 362 2005 ᾖ,
385 1922 441 2005 τῆς
454 1914 564 2006 ἑορτῆς
575 1920 674 2008 χάριν
698 1924 830 2003 δόξομεν
843 1919 1035 2008 ἀφικέσθαι·
1063 1911 1102 1985 iis
1115 1919 1150 1984 δὲ
1163 1917 1263 2005 respic

147 2011 250 2102 ῆμοῖν,
273 2018 497 2102 παυθῆσεσδαι
511 2017 570 2102 τῆν
588 2018 723 2106 βουλῆν,
745 2021 835 2104 ῆμαῖν
850 2016 1045 2106 παρόντων.”
1084 2013 1104 2082 δ
1121 2013 1159 2103 δῆ
1178 2015 1235 2084 κατ’

146 2119 339 2200 συμβέβηκε.
360 2120 416 2182 cosi
432 2122 644 2204 πρεσβυτέρου
661 2117 721 2204 γάρ
736 2123 889 2202 βασιλέως
902 2114 982 2202 πρὸς
994 2114 1050 2184 τὸν
1066 2117 1167 2200 μέγαν
1180 2123 1234 2183 λσ-

145 2215 282 2300 queam
298 2213 373 2304 napi
387 2210 434 2283 ὧν
453 2219 555 2283 ε’δεῖτσ
569 2221 790 2303 διαλεγομένου
805 2217 860 2284 καὶ
871 2221 962 2283 τοῦτο
975 2215 1069 2299 μόνον
1081 2203 1233 2299 εἰπάντάς,

145 2312 224 2400 περὶ
233 2317 295 2395 μὲν
309 2317 369 2380 resi
381 2314 454 2382 τίνα
465 2315 529 2403 χρῆ
546 2315 825 2405 τράπονγενέσδαι
841 2315 960 2403 βουλῆν
976 2317 1087 2400 ζητεῖν,
1106 2317 1181 2403 περὶ
1194 2317 1233 2382 δὲ

103 2414 208 2478 aurei
221 2417 372 2499 γενέσθαι
386 2408 410 2501 ῆ
418 2412 476 2501 μῆ,
496 2411 533 2483 οὗ
550 2418 664 2503 ζητεῖν,
681 2412 738 2504 (οἷς
754 2411 886 2505 ὕστερον
900 2417 936 2483 is
949 2417 1013 2481 τάν
1027 2417 1096 2481 ἐκεῖ
1110 2412 1232 2503 παράν-

149 2536 214 2579 ταν
230 2511 312 2599 πρὸς
324 2510 499 2601 άπηρεσάιιν
511 2518 555 2605 τῷ
571 2521 699 2599 βασιλεῖ
710 2522 828 2600 μαθεῖν
842 2518 981 2601 άκριβῶς
997 2506 1245 2601 ἔξεγένετοβκαδ

150 2605 171 2672 ὅ
182 2612 250 2689 νέος
262 2614 366 2700 παρῆν
378 2612 546 2697 βασιλεδς,
575 2619 631 2681 καί
642 2616 662 2699 ῆ
676 2614 775 2701 βουλῆ
796 2617 964 2681 διελέλυτο·
1001 2612 1066 2678 εἴτε
1079 2616 1153 2699 περὶ
1169 2614 1233 2678 τῶν

148 2705 395 2797 προκειμένανῆ
409 2736 503 2779 τινων
517 2706 621 2780 άλλαν
638 2708 688 2798 ῆν,
704 2710 853 2796 οάδαμῶς
870 2712 1010 2800 φανεροῦ
1018 2712 1234 2797 γεγενημένου.
1334 2758 1337 2763 1

147 2808 259 2875 τοάιου
273 2807 312 2895 δῆ
329 2808 400 2876 τότε
415 2817 470 2878 καί
493 2811 677 2894 ὄβασιλεδς
698 2816 743 2891 εἷς
762 2814 889 2899 μνήμην
904 2807 1025 2894 έλδιδν,
1047 2809 1132 2895 ἔλεγε
1152 2811 1233 2897 πρὸς

218 2929 261 2966 αα.
296 2908 333 2964 οδ
349 2928 399 2965 ern
417 2914 471 2967 EI).
489 2916 517 2968 P.
534 2933 584 2985 pro
602 2914 669 2987 μὲν.

149 3004 236 3053 tutans
251 2998 401 3069 transigere
418 3010 591 3065 consuesset,
617 3009 646 3054 et
663 3000 752 3071 magni
773 3002 883 3055 emonis
901 3000 976 3052 diem
994 3000 1084 3069 ipsum
1102 2996 1143 3050 ibi
1161 3012 1231 3050 can-

148 3070 297 3128 wmsstet,
319 3069 429 3139 iamque
439 3082 520 3125 noctu
536 3086 566 3125 se
579 3070 688 3126 domum
701 3072 858 3140 recepisset,
878 3071 1024 3139 imperator
1040 3068 1133 3121 senior
1148 3082 1232 3133 prae-

148 3147 192 3191 ter
216 3140 444 3192 consuetudinem
467 3143 611 3211 repentino
635 3158 698 3194 euru
725 3148 818 3195 uocat:
855 3144 932 3193 euius
960 3138 1012 3191 iiiii
1031 3137 1185 3189 Demetrius
1203 3142 1232 3189 et

148 3208 320 3279 Mespheres
336 3211 451 3263 insolito
477 3212 545 3264 huie
562 3212 705 3265 accersitui
727 3211 869 3283 quippiam
886 3224 986 3263 novum
1004 3205 1117 3259 subesse
1132 3206 1231 3259 verisi-

149 3280 295 3332 millimum
312 3281 461 3351 cogitantes
477 3283 540 3352 (uec
557 3283 631 3336 enirn
646 3284 722 3351 ipsos
738 3298 850 3353 qnoque
867 3281 991 3333 latebant
1012 3294 1086 3400 puae
1103 3274 1230 3329 adversus

149 3350 284 3403 iuniorem
303 3351 494 3421 imperatarem
511 3352 680 3423 pararentur)
698 3352 815 3405 eundem
837 3353 973 3403 iuniorem
996 3366 1011 3401 a
1033 3355 1114 3412 cunt,
1140 3346 1230 3417 quod-

150 3436 205 3489 que
222 3420 358 3474 acciderat
376 3432 533 3490 exponunt:
563 3432 687 3485 orantes,
712 3430 746 3475 ut
792 3438 842 3475 uae
859 3419 1011 3482 necessaria
1036 3418 1109 3471 factu
1132 3434 1182 3485 pro
1200 3434 1230 3470 sc

149 3490 210 3559 ipso
227 3493 382 3556 censuerit,
414 3508 445 3543 ca
463 3510 498 3545 ue
515 3494 721 3561 praetermittat
755 3441 807 3615 Ῑῆε
831 3490 957 3543 laudibus
977 3490 1086 3541 affectos
1104 3487 1232 3550 dimittit,

148 3576 233 3628 reque
251 3578 313 3613 earn
330 3564 424 3616 amitis
442 3565 654 3625 communicatu,
681 3560 771 3631 placui
794 3601 802 3626 ,
826 3558 1048 3645 quandoquidem
1065 3560 1146 3629 paulo
1169 3564 1233 3627 post

146 3629 212 3683 festi
229 3631 286 3684 diei
313 3648 393 3685 eausa
416 3632 550 3701 palatium
578 3632 789 3703 ingrediendum
807 3640 879 3684 esset
907 3630 1025 3701 (alioqui
1046 3631 1122 3683 enim
1139 3626 1231 3696 suspi-

147 3700 256 3753 cionem
278 3711 401 3756 moveret
424 3704 482 3755 eins
507 3702 603 3755 eodem
628 3702 781 3770 adventus),
809 3710 916 3769 tempus
936 3708 1106 3767 antecapere.
1146 3698 1183 3750 Et
1206 3696 1231 3749 si

147 3771 259 3843 quidem
271 3772 332 3824 aliis
348 3771 384 3825 de
400 3770 480 3825 rebus
494 3775 626 3834 consulet,
641 3772 699 3825 dici
713 3774 776 3825 sesti
793 3772 878 3892 pratia
891 3772 997 3823 venisse
1009 3768 1172 3830 videbimur,
1186 3768 1232 3819 in-

147 3842 223 3910 quit:
241 3842 285 3893 siu
295 3841 330 3893 de
340 3842 432 3901 nobis,
446 3850 537 3896 nostra
547 3844 700 3912 praesentia
712 3860 795 3895 consu
810 3842 940 3894 tationem
958 3838 1137 3894 disturbabit:
1176 3835 1233 3889 uod

147 3912 230 3961 etiarn
249 3912 349 3964 evcnit.
393 3914 501 3967 Etenim
521 3931 582 3965 eum
609 3916 754 3982 imperator
780 3912 871 3963 senior
891 3928 951 3963 cunr
979 3928 1075 3980 magno
1093 3908 1155 3977 logo
1188 3914 1233 3959 eta

145 3980 252 4033 loeutus
264 3991 345 4046 esset,
360 3981 564 4036 ethoctantum
579 3984 733 4045 adiecisset,
753 3982 816 4051 Quo
829 3990 907 4049 pacto
918 3982 1126 4040 consultaretur,
1145 3994 1232 4048 quae-

145 4050 274 4103 rendum:
284 4070 320 4105 an
327 4053 535 4114 consultaretur,
553 4071 609 4105 nou
618 4052 805 4124 quaerendum
820 4050 861 4119 (id
869 4051 943 4123 quod
950 4059 1043 4120 postea
1051 4065 1084 4100 er
1092 4048 1232 4117 apparito-
1269 4054 1281 4069 ‘⁴

146 4120 222 4173 ribus
231 4122 316 4190 probe
328 4125 466 4193 cognitum
476 4126 536 4192 est),
548 4132 576 4176 et
583 4124 676 4175 iunior
686 4124 832 4191 imperator
841 4122 943 4185 aderat,
950 4129 977 4173 ct
987 4120 1130 4173 consilium
1141 4117 1176 4169 ad
1185 4118 1232 4169 ni·
1287 4134 1292 4143 ’

146 4186 233 4244 titum
243 4193 351 4255 recidit,
362 4194 419 4245 sive
428 4194 455 4246 id
465 4193 533 4255 dere
542 4195 678 4262 praesenti
686 4190 782 4245 sivede
789 4192 952 4267 quibusdam
960 4190 1020 4242 aliis
1029 4195 1108 4253 esset5
1118 4188 1147 4239 id
1156 4186 1230 4238 eninr

146 4258 221 4315 taut
238 4266 368 4318 rescitum
379 4270 428 4317 est
455 4265 543 4319 Huius
554 4266 649 4335 itaque
659 4272 771 4324 eventus
781 4280 884 4319 mensor
894 4255 1230 4333 tuacirnpetatordicebat
