3025 4900
397 441 401 451 ,
474 368 760 438 msrorrarou
795 375 820 434 1.
842 371 893 440 ao
1103 405 1105 412 ·
1143 367 1224 452 ¹29

136 528 188 616 (οδ
206 525 270 612 γδρ
300 521 409 612 ἧξίουν
441 518 535 604 αὖθις
564 523 662 592 αὐτὸν
680 527 814 609 βασιλέα
842 527 972 604 καλεῖν,)
992 519 1070 606 ,πρὸς
1089 523 1222 603 βασιλέα
1233 515 1369 592 beator

133 629 264 710 πέμψας
282 628 472 712 πρεσβειοιν,
487 627 671 710 συγγνώμης
696 627 799 689 δεῖται
817 630 937 704 τυχεῖν,
958 615 1027 686 ἀλλ’
1040 619 1097 684 oda
1112 612 1152 686 σ’ἶν
1166 620 1225 684 τέ-

26 776 27 783 ο
132 749 202 811 χοι,
224 727 257 790 εἰ
276 726 323 810 μὴ
342 724 438 802 αὐτὸς
458 721 571 789 ἑαυτὸν
602 723 772 803 ἀποδείξας
793 720 964 807 δεσμώτην,
982 715 1061 804 πρὸς
1079 716 1155 794 τούς
1168 718 1225 784 πό-

133 830 191 902 δας
212 824 321 912 ῥίψειε
335 825 500 908 βασιλέως·
522 819 606 890 οὕτω
621 822 683 908 γὰρ
705 817 745 888 έν
759 819 851 904 μόλις
870 827 987 903 τυχεῖν.
1003 815 1182 900 ὁβασιλεδς
1197 821 1228 882 δ’

114 920 207 1010 δῆτις
223 916 265 1008 ἦν
281 924 303 1008 ἦ
317 923 405 990 αἰτία
417 922 597 1006 πυθόμενος
614 926 672 989 τοῦ
688 921 843 1009 θορύβου,
863 930 929 996 τοῖς
941 923 1000 1002 μὲν
1010 915 1160 994 deduntur
1174 921 1228 984 καί
1232 928 1253 979 B

132 1020 319 1110 κεκραγδσιν
342 1024 489 1088 ἐπέταττε
515 1027 623 1112 σιγᾷν,
643 1025 687 1110 τῷ
714 1024 749 1086 δὲ
779 1023 1002 1107 Καλοχαιρέτη
1030 1015 1163 1104 μηνίει,
1181 1017 1227 1094 uic

133 1118 318 1204 ἇναγκαιλυν
336 1125 431 1188 τινῶν
443 1125 518 1208 πέρι
527 1123 760 1210 ἀσχολουμένῳ,
781 1121 850 1186 turi
869 1116 916 1204 μη
931 1115 1042 1205 καιρὸν
1055 1114 1137 1183 εἶναι
1150 1141 1227 1184 συν-

132 1231 245 1305 τυχεῖν
273 1220 377 1310 αδτρῖ,
406 1220 447 1286 τὰ
476 1223 533 1286 τοῦ
560 1219 684 1306 έγγόνου
718 1221 893 1306 γράμματα
922 1218 1114 1284 ἀποστεῖλαι.
1157 1215 1174 1281 δ
1197 1219 1227 1281 δ’
1334 1263 1336 1268 -

134 1314 347 1406 ἀπεκρίνατο,
367 1315 464 1410 ἑτέρῳ
485 1322 598 1405 μηδενί
617 1313 658 1385 siu
677 1317 719 1384 τὰ
744 1316 919 1404 γράμματα
940 1314 1115 1403 ἐγχειρίσαι
1135 1317 1166 1381 εἰ
1182 1313 1225 1401 μη

100 1416 222 1510 ιοαδτηῖ
242 1425 378 1502 βασιλεῖ·
400 1416 482 1486 οὗτοι
501 1418 563 1506 γὰρ
580 1414 661 1487 εἶναι
681 1418 952 1507 προστεταγμένον
973 1411 1068 1506 adrui.

218 1520 276 1593 ις’.
312 1514 496 1603 Ἠσχολεῖτο
517 1522 549 1585 δ’
570 1520 588 1604 δ
607 1516 756 1610 βασιλεδς
789 1525 855 1584 κατ’
875 1521 974 1583 έκεῖνο
995 1517 1125 1603 καιροῦ,
1146 1509 1229 1592 ὅπως
1266 1558 1296 1595 2„

134 1615 191 1685 τδν
218 1618 280 1699 μὲν
308 1614 381 1684 vida
408 1619 510 1683 αὐτοῦ
541 1623 785 1685 Κωνσταντῖνον
817 1613 874 1683 τδν
904 1614 1057 1700 δεσπότην
1083 1610 1228 1704 τριήρεσι
1307 1617 1311 1625 '

132 1725 275 1802 μακραῖς
294 1714 375 1804 πρὸς
389 1711 525 1804 ἑσπέραν
537 1720 694 1805 έκπέμιγη,
717 1713 949 1800 Θεσσαλονίκης
970 1719 1024 1780 καί
1046 1715 1110 1779 τῶν
1126 1705 1258 1786 ἅλλοιτο

135 1810 291 1901 ἓσπεριλεν
317 1814 437 1881 πόλεων
464 1817 746 1903 ἐπιτροπεύσοντα,
775 1813 926 1898 βασιλίδα
956 1817 991 1878 δὲ
1012 1813 1069 1898 την
1090 1809 1229 1896 Μιχαὴλ

102 1917 195 1996 sistis
214 1917 275 1980 τοῦ
293 1917 449 1998 βασιλέως
475 1913 616 2000 γαμετήν
623 1968 634 1999 ,
648 1914 852 2004 Ἀνδρονίκου
874 1915 910 1979 δὲ
930 1916 988 1977 τοῦ
1004 1915 1077 1976 νέου
1097 1913 1229 1997 μητέρα,

134 2014 260 2079 ε’κελθεν
289 2014 335 2088 εἰς
359 2013 536 2092 Βυζάντιον
563 2009 716 2103 ἆναγάγη.
756 2009 777 2076 δ
805 2014 841 2078 δὲ
870 2016 926 2079 καί
944 2007 1069 2096 γεγονὸς
1089 2007 1170 2074 κατὰ
1191 2007 1229 2074 ro*

136 2111 296 2195 ἐπίταγμα
324 2115 495 2195 βασιλέως,
524 2112 677 2199 ἐλύπησεν
709 2107 747 2176 οὗ
774 2112 914 2199 μετρίως·
943 2109 999 2176 τὸν
1027 2107 1097 2176 υἱὸν
1133 2103 1232 2194 αὐτῆς
1325 2133 1326 2138 ’
1428 2102 1433 2110 ’

132 2204 339 2296 Ἀνδρόνικον
357 2210 412 2278 τὸν
425 2217 571 2296 βασιλέα,
602 2216 658 2300 βίρ
684 2210 743 2297 τήν
772 2217 891 2298 μητέρα
920 2209 1127 2277 ὲλκυσθεΐσαν
1154 2209 1232 2294 ἄκη-

137 2306 245 2376 κοδτα.
267 2309 312 2388 uic
329 2309 391 2398 γοὶρ
411 2311 431 2398 ἦ
450 2313 575 2394 βασιλίς
594 2310 653 2398 την
674 2312 778 2378 αι’τιλτν
792 2309 939 2393 ἐπύθετο,
959 2315 1002 2376 δι’
1021 2307 1061 2396 ἣν
1082 2308 1099 2374 ὃ
1120 2307 1232 2374 δεσπό-

102 2419 194 2495 2ῡτης
214 2404 352 2496 ulpino,
372 2413 429 2476 καί
441 2410 462 2496 ἦ
476 2412 571 2497 κυρία
584 2415 706 2498 παρῆν,
727 2413 762 2477 έν
782 2401 801 2503 ᾖ
824 2409 902 2497 πρὸς
917 2407 971 2477 τὸν
984 2410 1084 2477 πλοῦν
1095 2405 1160 2474 ἔδει
1174 2431 1233 2472 κα-

137 2514 287 2591 λεῖσθαι,
315 2511 507 2578 εἰσελθοῦσα
527 2509 583 2576 τδν
608 2508 693 2597 ἱερὸν
706 2516 761 2597 κατ’
786 2516 825 2601 τῇ
846 2514 901 2599 τῆς
922 2509 1115 2597 θεομητορυς
1136 2504 1233 2574 εἰκόνι

138 2610 330 2696 προσφῦσα,
358 2610 430 2674 οὐδ’
457 2603 498 2675 δν
524 2610 560 2675 εἴ
582 2636 615 2677 τι
634 2613 754 2694 γένοιτο
774 2614 928 2699 μεθήσειν
948 2610 1097 2697 ἔφασκεν.
1139 2606 1159 2671 ὅ
1180 2609 1233 2671 δε-
1268 2598 1272 2605 ’

138 2706 253 2795 wirnt
273 2712 310 2775 δέ
340 2708 462 2792 tiaris,
488 2712 598 2795 πρῶτα
626 2714 688 2794 μὲν
707 2708 812 2797 λόγοις
838 2708 994 2798 ἐπεχείρει
1014 2707 1148 2773 πείθειν·
1189 2706 1262 2783 ugo
1351 2748 1354 2755 ,

139 2876 331 2947 Palaeologum
348 2886 477 2948 nepotem
493 2878 606 2949 (iterum
621 2880 696 2932 enim
705 2878 924 2949 dedignabantur
933 2877 1125 2949 imperatorem
1142 2877 1234 2930 nomi·
1331 2927 1336 2933 .

139 2951 217 3016 nare)
234 2964 285 3016 pcr
300 2949 419 3018 legatum
436 2950 535 3002 abavo
551 2953 660 3003 veniam
670 2958 780 3018 petere,
801 2966 883 3021 quam
901 2966 957 3001 nou
975 2951 1011 3000 ait
1029 2956 1233 3011 consecuturus,

140 3018 194 3069 uisi
214 3027 302 3071 semet
318 3023 440 3073 vinctum
458 3022 574 3079 sistent,
591 3020 626 3072 ad
643 3019 728 3089 pedes
745 3036 775 3071 se
793 3020 965 3087 imperatoris
987 3020 1129 3087 proiieiat:
1149 3018 1234 3086 quin-

140 3090 225 3139 etiam
242 3086 298 3141 boc
314 3089 397 3143 modo
415 3093 460 3143 vix
468 3100 685 3143 consecuturum.
720 3092 880 3158 imperator,
898 3104 979 3139 causa
995 3089 1124 3158 strepitus
1139 3099 1236 3156 perce-

140 3167 205 3227 pta,
225 3160 403 3213 turbantibus
422 3170 451 3213 et
468 3160 648 3219 clamantibus
664 3160 806 3212 silentium
826 3158 933 3210 indicit.
971 3158 1041 3210 Tum
1060 3158 1165 3219 mittit,
1184 3158 1237 3228 qui·

142 3228 354 3282 Calocbaeretae
373 3232 523 3301 siguificat,
553 3232 682 3302 quonium
712 3232 767 3282 sibi
786 3230 944 3282 necessariis
962 3229 1080 3298 negotiis
1099 3226 1234 3297 impedito

142 3300 229 3350 otium
249 3299 286 3351 ad
304 3300 515 3353 collocutionem
533 3320 590 3355 non
604 3302 773 3373 suppeditet,
792 3302 863 3352 velle
881 3302 990 3369 nepotis
1009 3302 1115 3352 litteras
1132 3297 1234 3351 videre.

143 3368 193 3421 lile
217 3371 291 3423 uuili
314 3372 471 3423 mortalium
489 3388 534 3423 eas
554 3381 745 3443 praeterquam
774 3372 827 3439 ipsi
854 3371 1035 3439 imperatori,
1060 3369 1236 3441 quemadmo-

143 3438 206 3491 dum
223 3441 255 3493 iu
273 3442 409 3494 mandatis
423 3441 549 3504 baberet,
569 3445 598 3494 in
621 3448 718 3495 manus
736 3440 908 3495 redditurum
926 3441 1018 3493 refert.

212 3512 258 3568 κδ.
293 3511 664 3582 Ρετὶδιευιριιιὶιαρειεῑοτ
680 3514 710 3565 in
730 3530 790 3564 eam
806 3529 902 3575 ,curam
923 3518 950 3563 et
969 3528 1000 3563 co
1019 3512 1166 3563 itatiouem
1193 3510 1237 3564 iu·

145 3580 310 3644 eumbebat,
328 3590 361 3634 ut
377 3583 466 3635 tilium
484 3582 695 3635 Constantinum
715 3582 856 3653 despotam
873 3581 990 3643 navibus
1002 3528 1097 3651 longis
1117 3584 1147 3634 in
1164 3583 1238 3634 occi·

145 3649 257 3703 dentem
279 3654 417 3717 mitteret,
443 3662 598 3723 praetorem
626 3652 838 3707 Thessalonicae
869 3653 1091 3723 reliquarumque
1109 3652 1237 3717 urbium3

145 3726 174 3773 et
195 3730 226 3772 ut
243 3724 268 3773 is
285 3724 507 3791 imperatricem,
522 3723 665 3775 Michaelis
688 3723 858 3791 imperatoris
875 3724 955 3774 coniu
975 3740 1028 3786 em,
1047 3723 1162 3775 minoris
1179 3721 1238 3774 An-

145 3788 254 3856 dronici
271 3802 403 3856 matrem,
422 3793 618 3846 Thessalonica
636 3794 896 3864 Constantinopolin
923 3740 1105 3846 reducendam
1124 3800 1237 3845 curaret-

146 3857 256 3925 Quare
276 3880 326 3931 pro
346 3861 484 3917 desiderio
505 3866 577 3917 senis
595 3864 801 3927 administrata,
829 3862 1001 3917 Andronicus
1020 3864 1135 3916 mirifice
1153 3862 1238 3915 indo·

144 3928 211 3982 luit:
231 3934 335 4003 quippe
354 3935 404 4004 qui
422 3944 562 4004 parentem
581 3952 656 3987 suam
676 3936 761 3985 fuisse
778 3934 805 3987 vi
821 3934 980 3986 abstractam
1000 3934 1133 3987 audierat.
1168 3934 1238 3985 Nam

145 4010 289 4070 perspecto
309 4020 363 4074 quo
391 4006 477 4074 gratit
499 4005 613 4075 despota
640 4006 774 4069 venisset,
796 4012 824 4056 ct
839 4012 983 4077 praesente
1002 4004 1056 4057 iam
1074 4006 1238 4073 praestituto

146 4067 209 4132 die,
228 4088 284 4141 quo
302 4076 393 4125 navim
417 4076 601 4128 conscendere
625 4074 756 4137 deberet,
780 4074 815 4127 ad
839 4077 973 4144 templum
1004 4075 1182 4143 confugiens,
1211 4082 1239 4125 et

146 4138 283 4209 Deiparsc
302 4145 448 4199 simulacro
466 4150 566 4211 affusa,
585 4146 692 4199 etiamsi
712 4145 778 4217 qnid
793 4164 822 4199 se
837 4146 924 4211 lieret,
943 4163 999 4197 non
1019 4144 1049 4198 id
1067 4145 1240 4197 dimissuram

147 4212 292 4264 „serebat
330 4216 366 4268 at
382 4214 496 4284 despota
506 4217 645 4281 accedens,
666 4218 782 4286 primum
799 4218 879 4269 bonis
895 4216 986 4268 verbis
998 4224 1029 4269 ut
1044 4214 1165 4267 discedat
1178 4214 1241 4265 effi·

149 4294 211 4334 cere
228 4286 348 4337 nititur:
366 4284 415 4337 ubi
433 4286 532 4340 frustra
549 4289 620 4352 luit,
638 4304 731 4341 manus
752 4290 782 4341 in
801 4304 861 4342 cam
878 4287 1013 4341 violentas
1034 4287 1132 4339 iniicit.
1170 4284 1239 4339 Cum

222 4370 440 4425 Cautacuneuus.
1027 4390 1044 4440 9
