3025 4900
260 317 340 432 198
650 332 929 404 monacorum
1008 428 1012 434 ‘
1093 297 1096 304 ’

108 511 137 571 λ,
148 509 248 572 (trini
257 495 312 564 τόν
328 488 461 578 άμβονα
473 490 625 578 χαροῧσι.
646 486 748 573 σιωπὴ
766 490 802 554 δέ
816 491 934 570 βαθεῖα
951 482 1008 554 καλ
1021 479 1178 572 όταραξάι
1196 484 1234 548 τό
1252 484 1334 566 uiri·

251 601 309 672 θος
329 595 450 676 κατέχει
463 593 534 656 πάν.
549 589 567 652 ό
586 591 620 654 δὲ
635 587 833 674 πατριάρχης
848 583 908 662 τάς
922 583 977 652 ἐπέ
986 584 1092 673 χρίσει
1103 585 1165 649 τεόν
1177 583 1334 665 βασιλέων

252 688 491 772 συντεθειμένος
522 689 635 754 δίεισιν
657 682 775 768 εάχάς,
801 681 859 760 τὰς
886 687 946 765 μέν
976 683 1083 769 ἡσυχῇ
1109 685 1182 745 καθ’
1206 673 1331 759 ἑαυτὸν,

253 792 321 868 ἔστι
336 784 424 865 δ’·άς
440 785 495 856 καί
508 789 552 862 εἰς
567 781 697 869 ἐπήκοον
712 783 852 864 πάντων,
879 779 934 848 καὶ
956 783 999 870 τῷ
1009 781 1250 866 χρισθησομένρ
1269 777 1334 852 ἐξιι

254 889 401 956 λόσκεται
415 883 450 952 τό
462 891 561 956 θεῖον.
581 881 659 966 μετά
675 885 769 948 τοῦτο
790 883 826 946 δέ
848 880 869 944 ό
886 881 1010 963 μέλλων
1027 879 1260 966 χρισθῇσεσδαι
1272 878 1353 957 nae

223 987 361 1068 υσιλεός
384 984 419 1052 τό
446 982 653 1065 ἐπικείμενον,
684 975 751 1064 ό,τι
769 974 810 1046 άν
824 971 862 1067 ῇ,
881 981 920 1068 τῇ
937 982 1058 1066 κεφαλῇ
1082 978 1226 1064 άφαιρεῖ.
1246 970 1334 1040 νενό-

252 1108 365 1169 μισται
388 1086 419 1148 δ’
444 1079 558 1148 sisaim
577 1080 706 1162 πάντας,
725 1073 794 1144 όσοι
815 1079 960 1166 πάρεισιν
977 1072 1066 1153 ἐντός
1083 1077 1141 1142 τοῦ
1161 1074 1256 1154 ναοῦ,
1275 1097 1335 1155 χν-

253 1193 349 1266 μναΐς
364 1185 418 1248 καί
436 1180 551 1258 αότοάς
564 1175 693 1246 ἑστάναι
706 1184 870 1264 κεφαλαΐςι
889 1178 910 1241 ό
926 1173 1127 1262 πατριάρχης
1141 1176 1178 1238 δέ
1195 1174 1239 1262 τῷ
1254 1170 1333 1257 βοέῳ

254 1280 346 1370 μόρῳ
372 1281 583 1366 στανροειδιός
605 1276 691 1363 χρίει
722 1275 781 1360 τὴν
807 1278 961 1359 βασιλέως
987 1271 1146 1361 κεφαλὴν,
1183 1272 1334 1354 ἐπιλέγων

254 1377 374 1468 μεγάλῃ
399 1381 506 1466 φωνῇ·
536 1373 634 1461 άμος.
662 1371 880 1458 διαδεχόμενοι
910 1377 946 1440 δὲ
971 1371 1002 1438 οἱ
1020 1375 1074 1438 ἐπὶ
1097 1373 1155 1436 τοῦ
1184 1361 1377 1452 άμβωνοςιο

255 1477 413 1559 ἱστάμενοι
429 1473 485 1560 τὴν
499 1472 626 1562 φωνην,
654 1477 689 1538 ἐκ
715 1476 822 1559 τρίτον
849 1472 905 1538 καὶ
923 1470 1017 1536 unitos*
1046 1475 1207 1556 λέγουσιν·
1234 1463 1334 1551 ἅγιος.

253 1578 365 1660 ἐφεξῆς
376 1651 377 1660 ¹
390 1576 425 1640 δὲ
444 1577 500 1638 stoi
516 1575 578 1638 πάν
598 1569 634 1642 τό
653 1574 773 1658 πλῆθος
801 1569 836 1639 τό
857 1569 938 1638 aest
959 1569 1157 1658 ἐπιφωνοῦσι
1175 1563 1333 1632 τοσουτά-

252 1698 310 1748 κις.
330 1668 409 1754 μετά
428 1675 521 1736 τοῦτο
549 1673 613 1738 τάν
638 1666 763 1738 όδάταν
782 1669 867 1748 ἐντός
888 1668 977 1756 παρά
999 1667 1152 1735 διακόνων
1169 1666 1230 1741 τάς
1245 1662 1335 1751 ἱεράς

252 1771 466 1852 ἐνδεδομένων
485 1769 597 1846 στολάς
614 1770 823 1854 κατεχόμενον
841 1767 877 1835 τό
893 1772 1035 1852 στέμμα,
1057 1769 1111 1854 (οὗ
1125 1763 1187 1853 γάρ
1207 1765 1262 1828 ἐπὶ
1276 1765 1333 1846 τῆς

245 1867 356 1954 Ιἱεροῖς,
377 1861 422 1942 οός
435 1865 516 1944 τινές
530 1891 628 1954 φασι,
648 1868 802 1954 τραπέζης
821 1870 946 1956 κεῖται,)
971 1859 1099 1949 άχοοσιν
1119 1866 1175 1930 ἐπδ
1195 1860 1252 1928 τόν
1269 1851 1377 1944 sies-15

252 1969 348 2048 βανα.
374 1965 428 2031 καί
442 1963 504 2048 εἴγε
520 1964 656 2050 πάρεστι
673 1969 918 2053 προεστεμμένος
931 1963 1099 2048 βασιλεός,
1120 1959 1188 2044 ἅμα
1210 1961 1255 2050 τῷ
1270 1984 1334 2024 πα-
1365 1987 1370 1996 ·

252 2064 390 2154 τριάρχῃ
408 2062 442 2160 τό
459 2065 584 2147 στέμμα
602 2061 764 2148 λαβόντες,
792 2065 969 2130 ἐπιτιθέασι
988 2068 1026 2152 τῇ
1049 2066 1172 2150 κεφαλῇ
1186 2063 1244 2126 τοῦ
1259 2061 1332 2124 νέον

161 2183 189 2242 Ρ,
203 2165 427 2246 sustinentem,
454 2160 511 2226 καέ
534 2164 672 2250 ἐκφανεῖ
693 2161 711 2227 ό
735 2162 955 2249 πατριάρχης·
981 2157 1080 2240 άξιος.
1113 2157 1335 2243 διαδεχόμενοι

176 2264 290 2350 pmii&
310 2260 339 2324 oi
357 2260 412 2326 ἐπέ
428 2263 484 2324 τοῦ
500 2251 654 2344 όόμβοινος,
678 2264 713 2328 ἐκ
738 2265 844 2348 τρέτοο
871 2264 1016 2345 λέγουσιν
1029 2261 1124 2329 αότοι’
1139 2283 1173 2325 τε
1197 2254 1254 2322 καί
1271 2257 1334 2320 πᾶν

252 2356 288 2424 τό
317 2363 442 2443 πλῆθος
463 2353 500 2424 όν
521 2361 635 2445 τρόπον
662 2361 717 2426 ἐπὶ
734 2363 789 2426 τοῦ
812 2359 935 2448 μόρον.
962 2356 1032 2426 εἶτα
1049 2361 1184 2444 ἐπιλέγει
1205 2355 1299 2420 πάλιν
1313 2353 1378 2420 sino

252 2456 449 2544 πατριάρχης
465 2456 574 2547 εὐχάς,
603 2459 659 2525 καὶ
679 2460 866 2547 κατέρχεται
888 2462 945 2527 τοῦ
961 2452 1106 2542 άμβωνος
1130 2456 1148 2523 ό
1174 2455 1332 2540 βασιλεὺς,

254 2552 311 2620 osis
334 2559 367 2635 ἐξ
381 2549 480 2644 οὗπερ
499 2558 617 2643 άνῇλθε
636 2560 774 2647 μέρους,
803 2560 873 2623 ἀλλ’
895 2562 931 2623 ἐκ
960 2562 1018 2623 τοῦ
1034 2556 1112 2643 πρός
1136 2554 1193 2621 τόν
1213 2558 1334 2621 nouas

252 2658 477 2740 τετραμμένον.
498 2657 528 2721 εἰ
544 2659 604 2737 μὲν
623 2652 683 2724 σάν
704 2661 812 2745 συμβῇ
839 2656 884 2742 μὴ
911 2662 980 2721 κατ’
1006 2659 1125 2722 ἐκεῖνον
1149 2651 1204 2721 τόν
1222 2651 1334 2735 καιρόν

253 2752 336 2836 ἔχειν
353 2762 485 2837 γυναῖκα
500 2752 556 2819 τόν
570 2760 720 2837 βασιλέα,
741 2752 839 2832 εάθός
857 2756 911 2821 ἐπὶ
930 2754 988 2840 τὴν
1015 2752 1203 2841 άναβάθραν
1221 2748 1332 2833 άνιοόν,

294 2909 297 2915 “
321 2922 364 2959 aa.
383 2904 398 2958 δ
418 2904 521 2963 cottae
538 2923 599 2975 pars
618 2905 723 2977 templi.
759 2907 801 2959 De
821 2905 873 2958 hac
892 2922 959 2959 voce
976 2895 1117 2961 Gretserus
1136 2904 1171 2958 sd
1187 2902 1332 2957 Codinunr.

320 2976 381 3027 En.
394 2976 425 3029 P.
437 2974 504 3027 tet.
519 2977 638 3045 Ducang.
650 2978 699 3028 GP.
719 2976 817 3029 Christ.
836 2978 866 3029 L.
884 2978 930 3028 ΙΙΙ,
948 2994 975 3047 p.
995 2978 1048 3045 64,
1088 2978 1116 3029 ui
1131 2976 1234 3031 εολεαιιι
1252 2972 1334 3027 docet

320 3046 503 3133 pprimentum
523 3046 607 3097 fuisse
623 3048 788 3100 eminentius
805 3054 868 3100 sote
881 3047 1038 3112 sonnium,
1056 2997 1104 3101 nii
1123 3054 1179 3100 erat
1195 3046 1289 3099 altare.

253 3194 316 3233 nem
335 3178 453 3231 vadunt:
477 3180 594 3249 populus
614 3182 754 3234 universus
775 3183 859 3234 altum
881 3183 1050 3254 quietissime
1070 3183 1140 3237 silet
1176 3179 1333 3235 patriarcha

253 3250 424 3321 precationes
442 3248 475 3301 ad
495 3250 688 3317 imperatorum
713 3254 870 3304 unctionem
889 3255 1068 3322 compositas,
1095 3254 1160 3306 alias
1179 3253 1331 3313 summissa,

253 3319 321 3374 alias
338 3320 408 3369 clara
425 3334 504 3383 voce,
530 3320 655 3371 omnibus
676 3320 869 3386 audientibus,
894 3322 991 3375 ordine
1012 3325 1123 3385 recitet,
1143 3339 1175 3373 ac
1189 3320 1277 3373 Deum
1292 3320 1329 3383 ei,

255 3390 303 3458 qui
322 3388 461 3457 ungendus
479 3397 538 3451 est,
562 3391 701 3459 propitiat.
738 3392 809 3443 Tum
832 3395 1211 3462 novosimperator·teg1nen
1233 3391 1331 3459 capitis

255 3456 435 3527 quodcunque
453 3460 544 3521 suerit,
564 3458 686 3529 deponit,
704 3470 732 3513 et
760 3471 877 3532 uotquot
885 3464 914 3515 in
929 3465 1030 3532 templo
1044 3464 1142 3515 adsunt
1149 3462 1257 3513 solenni
1269 3477 1335 3510 nro·

255 3542 302 3589 re,
321 3527 430 3579 nudatis
449 3530 611 3593 verticibus,
630 3540 725 3583 astant
766 3530 897 3585 atriercha
922 3534 951 3585 in
975 3534 1088 3586 formem
1103 3532 1188 3586 crucis
1202 3531 1332 3586 verticem

255 3597 426 3665 imperatoris
451 3617 524 3651 sacro
545 3609 681 3669 unguento
703 3601 830 3669 perlinit,
858 3611 887 3655 et
903 3604 976 3656 elata
992 3620 1057 3655 voce
1079 3602 1168 3655 addit:
1204 3609 1332 3664 sanctus,

256 3682 336 3737 quam
353 3668 519 3735 excipientes
535 3672 627 3740 quiin
644 3670 759 3723 umbone
770 3680 851 3735 stant,
869 3681 910 3725 ter
927 3673 1125 3741 pronuntiant.-
1162 3669 1217 3722 uod
1229 3668 1330 3721 deinde

254 3734 372 3805 populus
384 3738 508 3790 similiter
523 3740 595 3791 facit.
631 3742 725 3793 Postea
745 3760 882 3807 eoronam,
898 3761 979 3814 quam
999 3744 1029 3796 in
1043 3742 1131 3809 aslytia
1143 3690 1267 3792 1iiiaconi
1288 3756 1332 3791 sa-

257 3822 312 3857 cras
331 3806 413 3856 stolas
429 3806 545 3861 serentes
558 3818 661 3879 tenent,
682 3812 744 3881 (nec
760 3816 846 3875 enirn,
872 3813 1025 3883 utquidam
1045 3813 1139 3875 aiunt,
1161 3826 1242 3879 super
1254 3826 1331 3860 rnen·

256 3892 312 3927 sam
326 3892 425 3925 sacratu
442 3880 600 3951 reponitur‚)
616 3878 650 3931 ad
663 3881 806 3935 ambonem
817 3891 934 3953 portant.
986 3881 1068 3951 Quod
1082 3884 1106 3935 si
1121 3880 1199 3931 adest
1213 3880 1332 3947 impera-

257 3952 301 4001 tor
321 3952 399 3995 antea
418 3956 575 4011 coronatus,
594 3967 653 4001 cum
670 3952 821 4020 patriarcha
838 3968 908 4005 novo
922 3952 1076 4021 imperatori
1094 3968 1220 4004 coronam
1241 3952 1331 4017 impo-

257 4016 314 4075 nit,
333 4022 361 4067 et
375 4016 505 4067 exciornat
520 4018 686 4084 patriarcha:
710 4022 817 4091 diguus.
860 4022 936 4073 idem
950 4024 1060 4074 tertium
1072 4020 1285 4087 exclamantqui
1300 4020 1331 4069 in

258 4084 374 4143 ambone
388 4092 465 4149 sunt,
494 4094 521 4137 et
538 4097 599 4154 post
613 4107 658 4141 eos
677 4094 810 4160 populos:
827 4091 959 4159 perinde,
983 4100 1014 4143 ut
1032 4100 1095 4161 post
1108 4092 1263 4143 unctionem
1279 4088 1330 4138 iic-

256 4152 311 4211 hat.
351 4154 420 4207 Turn
439 4172 527 4207 rursus
546 4158 697 4225 patriarcha
717 4179 810 4229 preces
828 4162 933 4224 recitat,
955 4160 1150 4285 descenditspue
1165 4177 1197 4213 ex
1213 4158 1331 4209 ambone

257 4224 417 4303 muretus,
441 4243 497 4287 uon
511 4240 575 4309 'qua
598 4238 675 4309 parte
700 4232 873 4294 ascenderat,
896 4230 946 4288 sed
963 4248 1054 4292 versos
1069 4250 1099 4287 so
1111 4248 1177 4293 ern.
1213 4228 1245 4286 si
1260 4227 1332 4291 [οπο
