3025 4900
475 325 757 392 msromuunu
787 329 826 390 ιι.
848 328 899 400 ³5.
1146 299 1227 418 5¹7

154 481 410 565 συμπαραλαβών
432 502 467 543 τι
490 475 594 546 αότοῖν
617 478 691 555 τοός
707 479 846 560 μάλιστα
866 481 901 544 έν
932 477 1012 568 λόγῳ
1042 479 1378 564 hemitoniorum
1441 555 1445 558 ,

151 601 204 661 τε,
227 577 286 644 σόν
307 578 413 654 αὐτοῖς
431 581 565 661 βασιλέα
579 569 642 662 ἧκε.
671 576 912 665 προσκυνησασί
932 600 966 643 τε
984 577 1093 654 αότοῖς
1113 578 1169 644 καὶ
1191 579 1233 648 oi-
1240 592 1269 648 1³.
1278 589 1330 653 ild

151 673 337 761 μολογηκόσι
366 675 423 761 την
449 678 593 741 δουλείαν
631 677 689 741 καί
707 673 723 742 ό
743 673 892 758 βασιλεός
914 675 1058 760 ἠμείβετο
1078 675 1179 762 λόγοις
1196 678 1236 765 ἧ·
1346 751 1349 758 ,

151 775 259 858 μέροις
289 775 345 838 καί
377 775 545 858 προσηνέσι
579 773 634 838 καί
664 777 722 858 τῆς
759 771 839 861 πρός
865 772 903 839 τό
924 777 1037 856 βελτίω
1061 781 1235 863 μεταβολῆς

132 873 259 960 5έπῄνει
284 869 340 936 καί
357 870 436 957 πρός
458 866 583 937 εὔνοιαν
601 874 740 954 μάλιστα
769 869 951 956 προσήγετο.
996 875 1184 956 Καβασιλας
1199 879 1235 942 tt

152 981 220 1046 τοῖς
233 973 294 1058 μὲν
310 963 416 1046 ἅλλοις
433 969 553 1056 ἔφασκε
569 972 736 1057 προσήκειν
755 969 829 1050 τοός
847 969 928 1056 πρός
942 975 1097 1054 βασιλέως
1115 976 1236 1060 εἰρημέ-

152 1094 228 1147 νους
252 1069 371 1154 λόγους,
399 1071 487 1157 αότηλ
503 1073 538 1135 δὲ
554 1070 610 1155 μή.
650 1074 681 1134 εί
694 1067 755 1155 γόρ
772 1095 804 1135 τι
820 1068 888 1134 καὶ·
896 1068 1057 1155 εἴργασται
1076 1074 1139 1136 ταῖν
1154 1069 1235 1136 κατό

152 1164 278 1252 γνοόμην
299 1157 432 1250 βασιλεῖ,
455 1164 512 1233 οόκ
534 1193 641 1259 εκεινιγ
667 1177 821 1254 μαλλονη
845 1176 968 1258 μεγαληι
994 1169 1164 1259 δομεστόαρ
1184 1176 1236 1236 λο-

153 1265 296 1349 γιζεσθαι
314 1266 370 1352 την
384 1264 625 1354 χάρινΐέκεῖνον
644 1265 783 1352 μὲνγὰρ
801 1317 812 1350 ,
827 1263 932 1354 ὥσπερ
950 1267 1054 1334 ἔπεισέ
1077 1291 1110 1332 τε
1126 1269 1160 1346 ἐξ
1175 1267 1236 1354 οἷρ·

117 1366 214 1451 ιοχης
237 1362 337 1430 αότόν
363 1365 418 1430 καί
438 1365 520 1452 πρός
549 1369 682 1450 βασιλέα
702 1368 748 1443 εἷς
774 1364 887 1451 ‘Pcoyni
914 1369 1048 1431 ἐλθόντα
1076 1362 1173 1448 εἶπεν,
1192 1363 1237 1442 τός

147 1468 271 1552 μᾶλλον
293 1457 334 1530 όν
354 1465 452 1529 ἕλοιτο
474 1464 647 1531 ἀποθανεῖν
668 1458 690 1550 ἢ
721 1462 784 1530 sind
808 1463 941 1547 βασιλέα
958 1467 1108 1548 γενέσθαι
1127 1458 1257 1562 adtingit

76 1587 80 1592 ·
152 1561 302 1648 τηνιίσην
322 1566 378 1639 καί
396 1561 507 1644 όμοιάν
521 1561 649 1650 γνοόμην
671 1566 839 1649 ἐσχηκέναι
859 1555 937 1648 όχρι
955 1565 1158 1650 προτεραίας.
1197 1557 1236 1628 οἷ-

155 1672 253 1744 γνοεῖν
266 1664 301 1728 δὲ
318 1657 399 1739 όποος
415 1670 481 1738 τοῖς
490 1659 628 1748 μεγάλου
647 1662 831 1745 δομεστίκου
846 1661 949 1746 λόγοις
965 1661 1123 1747 κατάκρας
1139 1661 1237 1746 ἥττη-

153 1764 232 1843 δείς,
253 1756 403 1826 τόναντία
418 1759 534 1849 πρόξαι
553 1753 597 1827 ὧν
619 1763 793 1848 προειλετο·
833 1763 931 1827 έκεῖνο
954 1763 990 1826 δὲ
1013 1761 1129 1824 είδέναι
1141 1757 1238 1841 μόνον

118 1860 286 1944 ι5σαφιός,
311 1858 355 1935 τός
372 1858 531 1946 δεσμώτης
547 1862 663 1945 ἀχθείη
678 1869 742 1936 τοῖς
756 1857 876 1926 ἐκείνου
893 1859 1013 1944 λόγοις,
1054 1859 1179 1945 γνώμην
1201 1882 1236 1922 τε

153 1957 225 2021 όντί
239 1961 294 2041 τῆς
309 1959 464 2043 προτέρας
480 1961 647 2044 ἐσχηκέναι
657 1962 731 2039 νῦν,
749 1957 793 2034 ιός
811 1959 879 2022 οὐδ’
899 1951 936 2022 όν
947 1957 1017 2024 εἴτι
1033 1960 1087 2023 καί
1105 1963 1236 2042 γένοιτο,

153 2057 212 2132 ἓως
234 2051 274 2120 όν
295 2057 398 2143 περιῇ,
416 2061 472 2142 της
490 2055 570 2143 πρὸς
594 2053 692 2123 αότόν
714 2081 748 2122 τε
770 2059 903 2140 βασιλέα
922 2056 977 2121 καί
997 2053 1050 2130 τόν
1068 2059 1167 2140 μέγαν
1184 2057 1237 2118 δο-

151 2155 295 2235 μέστικον
323 2150 447 2230 εόνοίας
486 2150 660 2241 όποσταίη.
711 2159 851 2222 Τοιαῦτα
881 2155 1053 2238 Καβασίλα
1086 2155 1236 2234 εἰπόντος,

152 2250 228 2327 τοός
240 2250 349 2333 λόγους
363 2253 530 2328 ἐπαινέσας
548 2253 565 2318 ό
581 2251 746 2334 βασιλεός,
769 2252 870 2337 λόγοις
891 2278 926 2317 τε
941 2251 1088 2338 ἠμείβετο
1111 2257 1237 2326 πολλοῖς

113 2349 212 2432 κυεην
233 2345 390 2436 πρᾳότητα
409 2350 660 2430 ἐπιδεικνύμενος
682 2353 738 2413 καί
752 2348 810 2436 τὴν
828 2352 990 2431 εόμένειαν
1006 2349 1066 2436 την
1080 2349 1159 2438 πρός
1178 2349 1236 2414 αό-

155 2447 229 2530 τόν,
275 2449 331 2511 καί
352 2449 397 2533 τῷ
418 2444 556 2530 μεγάλου
573 2445 777 2514 κονοσταόλου
794 2445 946 2529 α’ξιοόματι
964 2448 1066 2532 έτίμα,
1094 2452 1148 2514 καί
1166 2445 1238 2522 τοός

156 2540 270 2623 ἄλλους
293 2544 470 2629 ἀναλόγως.
510 2545 553 2632 οἶ,
566 2544 825 2633 πολιορκοόμενοι
856 2549 892 2613 δέ
920 2546 999 2613 κατό
1031 2545 1088 2632 τὴν
1116 2540 1265 2631 'siurone

156 2643 346 2727 Καβασίλατ
372 2643 428 2709 καί
454 2644 609 2729 Ῥοογίους
636 2644 773 2730 όροόντες
793 2642 1090 2731 προσκεχωρηκότας
1105 2648 1238 2727 βασιλεῖ,

149 2740 283 2831 ,όβριζόν
305 2766 340 2807 τε
360 2744 406 2820 είς
421 2742 540 2823 αότοός
558 2742 603 2822 cic
617 2741 774 2832 προδότας
792 2746 855 2811 τοῖν
882 2746 969 2833 κοινῇ
993 2741 1239 2811 λυσιτελούντων

225 2877 252 2947 q.
270 2880 320 2931 καλ
332 2886 393 2938 τοῖς
408 2876 483 2952 πρός
502 2878 652 2950 legebatur.
723 2896 766 2935 ιο.
784 2874 895 2949 Ῥοιγιδς
910 2879 952 2933 cd.
966 2880 1005 2945 1³,
1022 2864 1096 2932 r'ectc
1114 2876 1156 2933 ed.
1170 2876 1203 2931 V.

157 2996 343 3061 existimatio,
360 2998 496 3118 simulque
514 2996 638 3051 Csbasiia
655 2998 845 3067 imperatorem
867 2998 941 3061 adit,
968 2998 1068 3067 quibus
1086 2998 1238 3051 subiectio-

156 3085 218 3119 nem
237 3067 427 3137 profitentibus

158 3138 208 3190 iice
225 3138 323 3190 iiicait.
367 3137 505 3190 Cabasiias
524 3139 584 3190 eius
601 3138 683 3193 verba
707 3140 738 3190 in
767 3139 851 3201 aiios,
874 3139 903 3191 in
920 3156 950 3191 se
971 3140 1085 3190 minime
1107 3138 1239 3208 quadrare
1350 3186 1353 3203 ,

157 3211 313 3273 autumavit.
332 3207 502 3279 Quamquam
516 3212 589 3260 enim
608 3217 712 3278 gratum
725 3208 832 3281 aliquid
849 3210 902 3278 ipsi
918 3209 1022 3271 iecerit,
1040 3226 1095 3260 non
1110 3209 1163 3261 sibi
1178 3226 1238 3260 ma-

157 3279 301 3348 qicquam
327 3296 422 3349 magno
442 3278 592 3331 domestico
611 3279 646 3329 ob
666 3278 695 3329 id
741 3282 824 3331 atium
842 3278 943 3332 deberi.
981 3280 1015 3331 Sc
1043 3281 1134 3342 enim,
1164 3278 1239 3348 quod

157 3347 192 3399 ab
210 3348 291 3401 initio
311 3350 452 3401 statuisset
470 3359 498 3402 ct
515 3350 669 3417 imperatori
689 3298 811 3419 niigum
831 3348 951 3400 venienti
970 3348 1138 3413 affirmasset,
1157 3349 1239 3400 maile

157 3419 226 3469 mori
253 3434 334 3488 quam
362 3418 453 3471 denuo
474 3419 515 3469 itti
534 3419 663 3481 ssrbesse,
681 3417 711 3471 id
726 3421 814 3488 ipsum
829 3418 924 3471 codem
947 3421 1027 3487 piane
1050 3418 1130 3471 modo
1152 3434 1239 3488 usque

157 3487 193 3539 ad
210 3488 282 3539 diem
297 3486 453 3540 hesternum
469 3491 499 3539 in
519 3490 610 3539 animo
628 3489 711 3540 fixum
728 3488 864 3541 habuisse.
901 3488 1012 3541 Nescire
1035 3498 1143 3549 autem,
1168 3504 1239 3558 quo-

157 3556 237 3618 modo
251 3574 374 3609 sermone
389 3559 480 3627 magui
495 3556 636 3609 domestici
650 3560 762 3612 omuino
780 3558 911 3622 devictus,
932 3559 1068 3611 decretum
1088 3575 1164 3609 strum
1182 3559 1239 3609 ire-

158 3630 234 3695 gcrit„
270 3626 341 3677 Illud
358 3628 443 3684 solnm
461 3627 555 3694 pulcre
575 3630 659 3690 scire,
676 3629 767 3681 verbis
788 3632 877 3698 magni
901 3629 1045 3681 domestici
1065 3629 1165 3679 iniecta
1182 3628 1238 3681 sibi

156 3698 279 3760 uincula,
305 3698 404 3767 quibus
421 3698 566 3749 duceretur
584 3714 638 3766 quo
666 3700 689 3750 is
713 3700 815 3763 veilet3
834 3708 861 3750 et
878 3716 951 3750 σασα
968 3700 1054 3767 priori
1075 3700 1236 3751 contrarium

158 3766 279 3820 induisse
301 3776 436 3830 mentem,
455 3774 487 3817 ut
508 3768 672 3839 quicumque
696 3786 772 3820 casus
801 3770 940 3829 extiterit:
967 3767 1095 3840 quamdiu
1122 3770 1235 3837 spiritus

158 3836 378 3905 suppeditaverit,
399 3838 434 3889 ab
448 3839 618 3905 imperatoris
639 3845 667 3889 ct
690 3841 778 3908 magni
798 3838 941 3891 domestici
960 3840 1078 3891 amicitia
1095 3854 1235 3910 nunquam

157 3904 296 3959 desciscat.
342 3908 414 3959 Haec
440 3908 558 3959 locutum
581 3908 732 3959 Cobasiiam
754 3908 882 3961 laudibus
905 3911 1011 3960 ornavit
1034 3911 1179 3977 imperator
1207 3916 1238 3963 et

157 3976 431 4047 sunttisrcspoudcns
457 3976 652 4030 humanitatem
671 3996 701 4029 ac
717 3982 928 4047 propcnn'onem
947 3980 989 4031 iiii
1006 3996 1080 4031 sumu
1098 3976 1234 4031 ostendit:

158 4064 187 4097 ac
206 4046 294 4115 ipsum
317 4047 427 4119 quidem
443 4049 533 4117 magui
553 4048 725 4100 Contostauii
743 4047 857 4109 honore,
876 4050 942 4101 ulios
961 4066 1010 4119 pro
1029 4050 1154 4119 portione
1172 4048 1235 4101 aliis

158 4118 321 4167 ornamentis
348 4117 539 4169 cohonestavit
574 4120 668 4169 Actaei
698 4119 801 4171 obsessi
829 4118 979 4171 Cohosiinm
1006 4128 1034 4171 et
1059 4117 1174 4185 Rirogios
1200 4116 1237 4170 ad

159 4186 329 4258 imperatoris
358 4189 547 4241 auctoritatem
572 4189 686 4243 rediisse
710 4200 918 4261 cognoscentes,
944 4188 1098 4243 maledictis
1123 4203 1180 4252 eos,
1205 4194 1237 4241 ut

462 3068 507 3120 eni
532 3070 654 3121 oratione
673 3068 814 3138 respondit
834 3076 862 3121 et
880 3066 915 3121 ad
931 3083 960 3119 se
975 3066 1143 3137 diligendum
1160 3069 1239 3120 miri-
