3025 4900
231 361 285 426 ru
457 293 475 390 .'
655 351 892 424 innuatur
982 330 1065 381 ·’

229 530 321 611 culs,
348 535 471 621 propter
488 523 662 590 facilitatem
678 523 835 609 quandam
853 523 918 587 eius
934 523 968 586 in
986 523 1146 592 monto
1160 540 1307 615 opportu-

230 632 298 694 nius
319 629 449 692 nandsei
473 627 647 710 pomnen.
1284 687 1289 694 .

198 711 202 725 “
310 727 587 802 susannam,
616 724 748 801 uena,
779 716 972 786 atonem
992 723 1234 788 ommam
1258 725 1309 788 a·

229 825 308 890 cidt=
336 828 390 909 qui
407 825 529 907 quidem
549 843 610 907 quo
629 820 816 886 commodius
836 820 927 884 huius
948 821 1020 885 libri
1039 826 1087 886 sui
1105 828 1306 905 mensionum,

229 947 407 1008 caussasque
429 923 570 1001 uffemet,
609 932 641 984 et
660 939 820 1003 personam
845 942 931 982 suam
953 921 1064 986 celaret
1089 924 1182 1006 (quod
1206 936 1309 987 tarum

228 1024 312 1087 haud
331 1025 402 1086 sads
424 1033 511 1086 cante
531 1020 620 1100 fecit,
645 1030 681 1082 ut
700 1039 770 1080 mor
788 1018 912 1100 docebo)
932 1020 1017 1102 fingit
1038 1043 1058 1084 a
1080 1023 1212 1106 quodam
1232 1023 1306 1084 Nilo

228 1121 370 1186 familiari
386 1143 419 1182 se
438 1121 478 1181 ad
501 1121 693 1202 scriptionem
713 1139 769 1200 per
789 1116 904 1180 litteras
920 1118 1093 1184 sollicitaris
1121 1123 1232 1185 uculbi
1250 1144 1308 1185 vo-

228 1221 371 1284 cabulum
397 1219 580 1282 Christoduli
605 1219 744 1300 imponit.
796 1217 944 1278 ldoneum
966 1219 1120 1300 proiecto,
1157 1241 1267 1304 nempe
1282 1243 1309 1282 ‘a

229 1331 310 1382 statu
346 1331 377 1382 et
399 1319 571 1382 conditione
601 1319 699 1396 vitae,
726 1315 1205 1402 quumlmecscribensagebate
1236 1341 1307 1403 age-

226 1417 395 1480 bntsutem
412 1421 627 1482 monasticum:
657 1427 688 1476 et
711 1415 834 1476 Christo
853 1417 1007 1497 mneos,
1033 1421 1143 1482 merito
1158 1421 1223 1482 eins
1242 1439 1307 1480 sere·

226 1537 302 1595 vum
319 1537 353 1580 ae
369 1501 542 1600 appellavit.
574 1513 736 1578 Occultum
749 1535 855 1596 porro,
876 1524 907 1576 et
925 1525 1028 1598 tegere
1042 1537 1203 1598 personam
1220 1539 1308 1580 suam

226 1613 296 1678 ideo
317 1615 433 1694 voluit,
468 1614 559 1697 idque
585 1613 769 1696 prudenter,
804 1612 887 1697 quod
910 1613 951 1676 do
976 1613 1067 1675 rebus
1089 1636 1160 1676 cum
1186 1616 1306 1696 alimia,

224 1723 292 1776 tum
308 1715 370 1774 suis
389 1713 545 1776 historiam
560 1715 780 1796 compositurum
802 1724 888 1792 etat,
915 1723 946 1774 et
964 1723 1143 1774 normanus
1160 1712 1305 1795 plurimu,

225 1813 336 1895 quibus
354 1811 509 1876 audiendis
524 1833 612 1874 aures
629 1811 811 1894 quibusdum
829 1809 986 1888 dolerent,
1011 1821 1046 1872 ut
1061 1822 1148 1873 antea
1167 1812 1306 1874 videndis

224 1912 305 1974 oculi
322 1912 491 1976 doluerant.
531 1913 589 1976 Est
610 1935 685 1978 vero
700 1924 764 1974 tam
781 1911 953 1993 ind-aqum
966 1913 1089 1974 Graecia
1104 1911 1163 1972 hcc
1179 1932 1304 1991 nomen,

225 2009 456 2093 Christodulus,
477 2023 512 2076 ut
529 2012 578 2076 vel
597 2013 669 2074 hine
691 2013 749 2072 isto
768 2011 837 2072 loeo
858 2011 997 2072 fictitium
1016 2031 1052 2072 ac
1080 2012 1305 2094 supposititium

223 2122 378 2192 appareat.
425 2111 562 2195 Cumque
583 2111 690 2194 perid
714 2122 833 2192 tempus
855 2113 888 2172 iu
912 2113 1094 2184 monasterio
1114 2131 1171 2192 pro
1191 2111 1305 2172 Ioanne

225 2210 316 2270 etiam
345 2211 508 2292 loasaphus
527 2222 644 2272 mutato
671 2213 794 2272 nominc
825 2209 998 2288 diceretur,
1035 2211 1113 2270 sieut
1136 2229 1198 2270 non
1223 2210 1304 2269 anti·

223 2326 320 2388 quum
348 2319 378 2368 et
397 2311 573 2391 proprium,
610 2312 653 2370 ita
674 2331 731 2370 neo
756 2329 872 2370 novum
905 2312 982 2370 istuc
1010 2319 1041 2369 et
1068 2310 1303 2391 usmmptitium,

223 2403 389 2488 loasaphus
415 2410 559 2490 inquam,
596 2409 636 2473 ad
659 2408 729 2472 libri
758 2420 911 2471 auctorem
938 2408 1133 2472 indicandum
1157 2430 1305 2491 usurpare

222 2502 342 2567 decuitz
375 2529 414 2568 ne
436 2511 602 2573 monachus
625 2512 746 2571 inanem
772 2513 915 2592 aucupari
939 2510 1089 2593 gloriam,
1124 2520 1155 2569 et
1168 2511 1220 2590 qui
1236 2510 1304 2569 Deo

222 2602 386 2667 militatum
411 2620 554 2687 verterat,
583 2611 694 2671 iterum
716 2631 748 2670 se
771 2611 899 2690 negotis
924 2607 1080 2690 implicare
1100 2607 1304 2671 saecularibus

222 2700 390 2765 videretur.
442 2705 544 2789 Atque
563 2710 605 2767 ita
629 2708 722 2769 codex
750 2710 883 2769 Graecus
905 2704 1118 2790 tivant'yqaqtoe
1139 2719 1202 2786 est,
1239 2709 1305 2769 sinc

221 2798 312 2861 titulo
335 2825 471 2884 prorsus.
519 2807 637 2867 Deinde
660 2828 695 2867 ex
722 2808 788 2888 ipsa
815 2807 878 2867 Nili
909 2806 1035 2887 epistola
1061 2807 1320 2879 Cantaeusennrn¹

222 2896 314 2961 huius
330 2900 473 2964 historiae
490 2916 666 2987 parentem,
695 2916 726 2966 et
748 2903 937 2967 conditorem
956 2925 1020 2965 esse
1041 2908 1233 2987 perspicuum
1255 2906 1301 2967 lit.

225 2994 282 3057 llla
307 3001 389 3061 enim
412 3003 526 3082 verba,
564 2999 619 3065 uni
640 2994 687 3063 iiis
708 2998 769 3084 γὰρ
802 2994 843 3063 τά
866 2996 954 3063 κοιναὶ
974 3000 1122 3075 διετέλεις
1146 2998 1303 3083 πράττων,

222 3096 362 3179 σωτηρία
380 3103 445 3171 τοῖς
463 3096 640 3182 πράγμασιν
653 3090 754 3182 ἦσθα·
774 3094 829 3159 κατ’
844 3098 900 3160 νῦν
915 3100 1035 3161 σαυτοῦ
1053 3094 1202 3180 γεγονώς,
1223 3094 1302 3179 ἀλη-

222 3192 314 3265 θείας
352 3196 407 3255 καί
437 3194 636 3279 δικαιοσύνης
659 3193 860 3277 παράδειγμα
875 3192 930 3258 τὸν
947 3193 1017 3275 βίον
1033 3196 1224 3276 κατέστησας
1245 3190 1302 3259 τόν

221 3290 352 3353 σαυτοῦ.
401 3292 434 3357 T
429 3317 450 3355 u
473 3297 556 3357 enim
576 3308 606 3357 et
625 3294 777 3379 quamdiu
796 3296 919 3376 gessisti
939 3296 1181 3379 rempublicm,
1216 3296 1302 3357 auius

221 3390 350 3475 imperii
361 3389 477 3473 suisti.-
509 3406 539 3455 et
565 3394 681 3468 toda,
709 3408 876 3478 postquam
899 3395 1067 3476 defunctus
1084 3396 1225 3467 Ιισαστσ,
1254 3396 1302 3459 tui

222 3488 324 3572 ipsius
352 3512 417 3552 esse
446 3493 629 3573 instituisti,
663 3496 764 3555 vitam
790 3515 953 3577 moresque
974 3507 1045 3557 tuos
1069 3495 1231 3573 cordatis,
1261 3514 1301 3556 ac

221 3588 361 3651 iustitiae
385 3593 549 3675 ememplar
567 3592 715 3676 qffccisti.
765 3595 846 3673 hae,
881 3597 1025 3675 inquam,
1054 3612 1144 3656 voees
1168 3614 1233 3655 non
1260 3594 1301 3655 ad

222 3684 378 3765 Iudicem,
413 3689 590 3772 Consulem,
623 3693 814 3754 Praefectum
831 3693 983 3775 aliquem,
1017 3690 1071 3754 sed
1094 3692 1133 3755 ad
1156 3714 1302 3776 magnum

222 3781 419 3849 domesticum
442 3789 585 3853 loannem
600 3792 862 3871 Cantacuzenum,
896 3793 983 3853 cuius
1005 3802 1076 3873 post
1089 3790 1301 3855 Andronicum

221 3884 388 3967 minorem,
415 3890 560 3971 quamdiu
581 3894 607 3953 is
622 3894 715 3972 vixit,
737 3912 877 3973 suprema
897 3890 955 3951 fuit
970 3900 1121 3973 potestas,
1151 3902 1183 3955 et
1203 3894 1299 3973 impe-

221 3986 351 4047 ratariae
371 3990 507 4069 proxima
525 3990 557 4051 in
577 3990 738 4069 omnibus,
764 4002 796 4053 et
810 3990 893 4075 apud
910 4010 1014 4052 omnes
1032 3993 1213 4055 auctoritas:
1237 3992 1301 4053 imo

222 4100 295 4145 vero
316 4083 355 4145 ad
374 4088 473 4168 ipsum
490 4110 600 4151 munus
622 4092 868 4173 imperatorium,
897 4089 980 4173 quod
994 4088 1076 4153 idem
1093 4092 1170 4151 citra
1190 4109 1301 4152 nomen

112 4194 118 4213 '
223 4178 296 4263 diu,
325 4186 517 4267 postmodum
540 4200 569 4253 et
591 4210 624 4253 re
644 4201 678 4253 ct
695 4191 816 4255 nomine
844 4189 948 4257 mutus
965 4190 1051 4259 uouit
1066 4188 1300 4271 adnmmvit,
