3025 4900
454 351 735 420 flls'ttintllttnt
764 357 862 428 aaa.
1123 359 1196 446 ¹7¹

126 511 222 589 βαλεν
237 507 284 582 εἰς
297 504 510 591 crismentur
524 509 579 572 καί
593 505 712 593 ἐδῄωσε
728 505 769 574 τοὶ
784 507 884 574 πολλὰ
901 508 1017 595 αὐτῆς,
1044 509 1203 597 δνδραπο-
1209 523 1356 581 Μύκο.

127 609 236 672 δίοατο
254 608 291 670 δὲ
310 601 441 672 οδδένα·
459 601 533 670 οδδέ
546 603 608 692 γδρ
626 605 700 682 ἐθος
715 602 787 674 οὔτε
806 613 935 684 Μυσοῖς
955 600 1026 673 οὔτε
1037 609 1205 690 Ῥωμαίοις
1327 625 1330 634 ·

125 707 161 770 ἐν
188 712 259 778 ταῖς
283 705 496 786 καταδρομαῖς
519 704 804 788 ἀνδραποδίζεσθαι
826 704 997 790 ἀλλήλους·
1025 710 1205 793 βοσκήματα

126 805 162 866 δέ
181 804 239 866 καί
256 793 353 884 ἄλλην
374 796 549 886 οἷποσκευῆν
563 797 646 869 εἷλον
665 803 866 885 αἰχμάλωτον
886 804 1012 889 πολλήν.
1032 809 1153 871 ἐκεῖθεν
1168 810 1204 873 δέ

104 903 168 976 5είς
188 901 368 979 Βυζάντιον
385 903 515 984 ἐπανῆκε
529 905 573 986 τῷ
593 907 720 982 βασιλεῖ
732 903 787 966 καί
800 903 915 990 πάππιρ
934 905 1206 987 συνησθησόμενας

123 997 180 1064 ἐπέ
203 1001 241 1085 τῇ
269 996 357 1082 νίκῃ·
375 997 489 1082 ταύτην
512 994 573 1084 γὰρ
594 997 762 1082 ἐποιήσατο
780 997 905 1084 πρώτην
921 998 1064 1084 εἰσβολήν
1081 999 1205 1086 βαρβά-

123 1119 195 1182 ροις
217 1093 471 1177 ἐπιστρατεύσας.
506 1088 578 1180 eripe
599 1098 634 1161 δέ
656 1095 757 1161 ἐλθών
773 1095 904 1162 univoci
920 1101 1131 1183 πρεσβυτέρου
1145 1106 1229 1182 flos-c
1290 1116 1296 1135 '

123 1199 241 1268 σιλὲοος
257 1189 314 1256 τὸν
329 1194 523 1278 Σοργιοὶννην
540 1195 584 1270 εἰς
601 1192 815 1279 δεσμωτήριον
829 1195 1042 1280 ἐμβληθέντα.
1071 1191 1203 1281 ὕστερον

125 1293 160 1356 δὲ
178 1287 303 1372 δλίγαις
317 1290 450 1374 ἡμέραις
467 1291 484 1356 δ
503 1291 710 1378 πρεσβύτερος
726 1293 877 1376 βασιλεές
896 1293 1095 1378 δικαστήριον
1111 1297 1204 1360 καθί-

90 1415 204 1470 ιοσας,
233 1389 472 1469 συνδικάζοντος
490 1390 573 1478 αὐτῷ
591 1393 646 1455 κατ’
672 1394 732 1455 rosi
750 1393 823 1457 νέου
838 1395 992 1474 βασιλέως
1024 1392 1079 1456 καί
1092 1396 1155 1458 τῶν
1169 1395 1204 1457 ἐν

122 1493 210 1554 τέλει
230 1486 357 1552 πάντων
376 1487 538 1569 Ῥωμαίων
559 1487 740 1576 παρόντων,
770 1493 911 1556 ἐκέλευσε
934 1489 990 1556 τδν
1009 1490 1204 1577 Συργιδννην

124 1589 171 1660 εἰς
195 1587 317 1666 μέσους
330 1587 451 1668 ἐλθεῖν,
483 1585 526 1664 uic
546 1578 593 1652 oia
607 1598 805 1674 κατηγορεῖτο
822 1586 878 1663 τοὶς
895 1589 996 1666 airam
1011 1587 1205 1671 οἷπολυσδμε-

126 1709 190 1756 νον.
212 1692 409 1767 κατηγορεῖτο
429 1685 464 1750 δὲ
478 1679 593 1768 αδτοῦ,
617 1686 660 1761 ὥς
680 1685 727 1771 εἴη
746 1687 943 1769 συνωμοσίας
959 1684 1025 1770 ἅμα
1041 1688 1206 1768 Ῥωμαίων

125 1781 163 1846 οδ
184 1788 313 1856 πολλοῖς
331 1785 535 1866 πεποιημένος
551 1785 605 1848 ἐπί
618 1785 660 1870 τῷ
681 1782 735 1849 τὸν
752 1785 961 1870 πρεοβδτερον
976 1788 1108 1868 βασιλέα
1126 1781 1206 1849 οἷπο-

94 1879 315 1958 sinceriorem,
336 1876 432 1943 αδτδν
448 1879 676 1964 ἀποδειχθῆναι
688 1882 892 1965 βασιλεύοντα
904 1883 1077 1963 Ῥωμαίων.
1096 1883 1126 1948 οἱ
1146 1886 1206 1965 μέν
1245 1835 1255 1932 i

126 1969 186 2042 οέν
202 1977 362 2051 διώκοντες
378 1978 531 2043 ἐπέκειντο
546 1981 693 2065 σφοδραῖς
709 1980 814 2065 δληθῆ
829 1978 851 2044 δέ
866 1981 967 2046 αέτοῦ
981 1982 1207 2067 κατηγοροῦντο
1362 1968 1366 1974 ’

127 2071 399 2160 διϊσχοριζδμενοι
414 2071 514 2146 εἶναι.
544 2076 671 2160 ἔλεγχον
686 2081 794 2158 μέντοι
809 2080 923 2164 ἐναργῆ
940 2083 1003 2144 τῶν
1017 2101 1207 2163 κατηγορου-

127 2176 234 2256 μένων
249 2167 307 2236 eain
321 2170 474 2257 ἠδύναντο
491 2179 652 2260 παρέχειν·
672 2174 768 2252 αέτδς
778 2200 814 2240 τε
827 2179 863 2240 ἐκ
881 2181 938 2242 τοῦ
955 2177 1082 2260 δμοίου,
1111 2172 1239 2258 einim
1298 2191 1303 2200 ‘

128 2278 330 2356 κατηγορεῖτο
353 2271 564 2357 συκοφαντίας
586 2276 745 2338 διετείνετο
761 2269 852 2355 εἶναι,
872 2276 911 2338 οδ
930 2278 1039 2356 μέντοι
1059 2272 1115 2340 καί
1127 2274 1206 2338 αἶπο-

93 2370 243 2452 οοδείξεις
262 2377 412 2454 παρεῖχεν
431 2369 577 2457 ἰσχυρὰς,
603 2373 636 2446 ἐξ
660 2363 705 2436 ὧν
723 2366 761 2436 ἂν
778 2368 838 2457 τὴν
854 2375 941 2458 δίκην
966 2372 1123 2461 διαφέγοι.
1152 2374 1208 2438 ἐπὶ

128 2468 206 2535 uulsi
230 2470 266 2532 δέ
281 2468 379 2533 αὐτοῦ
396 2492 428 2533 τε
442 2468 496 2533 καί
506 2472 568 2535 τῶν
584 2470 759 2536 διωκόντων
777 2469 857 2557 πρὸς
873 2473 1026 2557 ἀλλήλους
1044 2468 1207 2537 ἀντικαθι-

129 2570 312 2649 σταμένων,
341 2566 384 2643 αἱς
400 2568 558 2645 ἐσοπαλεῖς
577 2562 658 2653 ἦσαν
674 2566 709 2633 ui
728 2568 831 2651 δίκαι,
860 2567 1101 2656 δπρεοβδτερος
1114 2575 1208 2652 βασι.

130 2667 202 2743 λεδς
220 2668 368 2750 ἐπέτρεπε
383 2667 425 2754 τῷ
438 2668 495 2753 νέρι
509 2668 616 2752 ψῆφον
630 2670 685 2732 ἐπέ
695 2676 761 2742 τοῖς
775 2672 949 2750 λεγομένοις
963 2669 1137 2749 ἐξενεγκεῖν.
1151 2669 1206 2733 rot

132 2768 166 2831 δὲ
191 2760 463 2851 ἀπαγορεύσαντος
483 2766 547 2829 δέει
565 2767 623 2829 τοῦ
643 2764 688 2849 μέγ
712 2764 766 2829 διὰ
789 2763 849 2849 τὴν
874 2760 1066 2831 ἀποστασίαν
1090 2767 1206 2849 καιροῦ

95 2860 349 2947 οὸπαρασχδντος
373 2864 474 2927 δοκεῖν
500 2861 679 2944 οέμδνεσθαι
704 2860 819 2946 αδτδν,
844 2861 1089 2948 δπρεσβδτερος
1114 2868 1291 2945 βασι-σος

131 2960 205 3039 λεδς
221 2958 321 3026 πολλοὶ
337 2959 433 3027 αὐτοῦ
449 2962 680 3047 κατηγορήσας,
708 2962 763 3024 καί
778 2956 852 3037 τοδς
863 2955 1031 3038 διώκοντας
1043 2956 1209 3047 ἀποφηνά-

135 3135 209 3187 eairn
226 3132 271 3185 vel
289 3132 409 3195 Moesis,
425 3132 469 3185 vel
486 3131 612 3184 Romania
633 3131 662 3184 in
680 3148 755 3185 more
773 3130 839 3195 fuit,
867 3130 1069 3185 incursionibus
1084 3138 1229 3185 mutuum.

135 3218 232 3273 capere
243 3204 264 3271 ,)
281 3218 379 3271 pecora
391 3202 525 3273 aliamque
547 3201 675 3271 praedam
694 3203 806 3254 multam
827 3200 949 3257 abstulit.
972 3201 1038 3253 lnde
1051 3203 1214 3269 Bysantium

135 3275 277 3327 victoriam
295 3288 344 3323 avo
364 3273 543 3342 gratulaturus
562 3274 678 3325 revenit:
697 3270 767 3325 hanc
788 3272 877 3333 enim,
902 3271 932 3321 in
950 3270 1078 3325 barbaroa
1098 3273 1207 3336 ducens,

131 3344 247 3413 primam
265 3343 469 3409 impressionem
495 3342 603 3393 lecerat
647 3342 822 3461 Syrpiannem
847 3348 936 3392 autem
956 3340 991 3393 ab
1011 3359 1044 3393 co
1069 3344 1099 3394 in
1117 3358 1208 3394 caruc-

132 3430 188 3465 rem
207 3412 361 3465 coniectum
380 3413 503 3474 invenit,
524 3414 617 3481 paucis
657 3429 672 3462 e
710 3412 788 3463 iebus
806 3412 972 3473 interiectio,
994 3410 1098 3464 iudicio
1123 3413 1208 3464 insti-

133 3490 203 3545 tuto,
221 3489 250 3534 et
267 3498 323 3534 uua
336 3496 425 3532 secum
442 3496 491 3549 pro
508 3480 639 3533 tribunali
657 3480 768 3533 sedente
780 3482 928 3550 nepote,in
945 3484 1097 3549 prueaentia
1116 3484 1206 3535 omni-

133 3568 181 3602 um
198 3550 341 3621 procerum
358 3551 535 3601 Romanorum
545 3588 556 3621 ,
577 3551 655 3603 illum
673 3549 707 3601 ad
728 3549 884 3603 criminibus
904 3548 1121 3633 respondendum
1138 3569 1205 3622 pro-

134 3619 194 3673 dire
210 3621 300 3673 iussit.
335 3620 532 3682 incusabatur,
550 3620 623 3691 quod
641 3636 700 3671 cum
720 3621 826 3690 aliquot
847 3622 970 3671 Romanas
992 3621 1205 3674 coniurationem

135 3690 255 3751 fecisset,
273 3698 314 3751 nt,
326 3691 489 3758 imperatore
507 3690 668 3751 interfecto,
696 3690 754 3759 ipsc
777 3692 923 3758 imperator
945 3692 1077 3743 Romanus
1099 3708 1204 3744 creare-

134 3766 188 3811 tur.
222 3761 398 3811 Accusatores
413 3759 572 3829 premebant
586 3756 773 3822 vehementer,
791 3775 854 3812 vcra
869 3774 897 3809 aa
916 3759 1037 3812 obiicere
1051 3778 1208 3814 asseveran-

134 3836 192 3893 tes,
208 3846 261 3881 nec
278 3836 367 3881 tarnen
392 3828 562 3881 evidentibus
588 3832 750 3897 argumentis
772 3828 802 3879 id
823 3826 939 3897 probare
952 3839 1086 3896 poterant.
1122 3832 1206 3883 Simi-

133 3898 199 3951 liter
211 3901 272 3967 ipsc
285 3901 482 3951 accusationem
494 3914 579 3951 meras
596 3915 653 3950 ease
665 3898 810 3949 calumnias
825 3898 1022 3953 contendebat:
1040 3916 1204 3973 quamquam

134 3968 237 4021 firmam
254 3968 444 4037 probationem
455 3984 534 4037 ,qua
546 3984 647 4038 poenus
664 3972 810 4036 attingeret,
827 3984 882 4017 non
900 3972 1016 4026 afferret.
1052 3971 1119 4025 Post
1140 3972 1207 4022 lon-

134 4054 194 4107 gam
222 4038 340 4107 partium
361 4038 579 4101 altercationem,
606 4036 678 4107 quod
698 4038 772 4105 paria
795 4053 931 4089 causarum
952 4046 1087 4091 momenta
1119 4046 1205 4102 erant,

134 4109 228 4159 aeuior
238 4108 341 4160 iuniori
358 4106 486 4159 ferendae
507 4108 658 4160 sententiae
674 4106 815 4159 trbitrium
834 4107 941 4159 detulit.
977 4109 1039 4178 Quo
1056 4116 1204 4172 recusante,

135 4193 173 4229 ne
191 4186 303 4245 propter
316 4176 497 4230 deiectionem
511 4176 628 4229 bominis
640 4176 733 4229 ulcisci
758 4192 787 4228 se
801 4176 958 4241 videretur,
977 4178 1068 4230 senior
1089 4180 1118 4229 in
1137 4178 1205 4245 Syr·

136 4248 264 4315 ςὶιεατατ
291 4248 412 4317 asperius
433 4246 562 4301 invehens
586 4255 615 4300 at
633 4255 797 4301 accusatores
817 4260 880 4300 sera
900 4246 990 4302 elisere
1014 4249 1204 4318 pronuntians,
