3025 4900
510 871 768 934 IAGO'M
805 872 1131 937 P'OMANI

272 992 530 1096 dignitatum
553 1015 603 1066 au
613 991 895 1092 functionum,
908 993 1065 1092 palatii
1080 1009 1121 1068 et
1145 993 1362 1068 ecclesiae

322 1121 763 1223 Commutmopolitanae,
788 1147 953 1223 quarum
966 1124 1167 1200 tusorum
1184 1143 1315 1202 noster

362 1241 623 1326 uraminimx
652 1235 882 1344 Quropulatu
899 1253 938 1312 et
958 1242 1045 1341 eius»
1060 1240 1263 1319 satutare

566 1352 1051 1454 potissiuumzooepluuatto.

267 1553 464 1662 Δεσπότης,
486 1581 653 1644 Dominus.
696 1579 780 1640 Haec
795 1578 956 1663 appellatio
970 1581 1152 1664 imperator,
1181 1583 1253 1646 liliis
1275 1583 1361 1664 eius,
1390 1625 1399 1640 .

267 1663 413 1728 nauibus
432 1675 463 1724 et
487 1667 604 1746 generis
618 1661 809 1724 tribuebatur
822 1666 998 1745 generatim.
1029 1665 1159 1746 Proprie
1173 1667 1214 1726 ab
1229 1670 1363 1750 impera·

248 1750 344 1808 toria
365 1749 519 1808 maiestate
540 1745 688 1809 secundus
706 1748 749 1806 sic
770 1746 945 1826 dicebatur,
966 1744 1057 1828 quem
1070 1751 1253 1810 recentiores
1267 1753 1364 1813 etiam

263 1823 418 1908 σεβαστόν
436 1842 595 1892 vocarunt.
639 1829 705 1890 Hoc
714 1834 809 1906 ‚enim
823 1828 916 1890 semel
935 1841 1041 1890 notare
1054 1833 1208 1908 convenit,
1229 1834 1363 1916 impera-

263 1922 345 1972 tores
358 1911 426 1973 illos
440 1914 575 1975 Orientis
588 1911 699 1973 multos
711 1912 815 1974 titulos
829 1912 1007 1973 honorarior
1018 1912 1057 1973 ad
1067 1933 1138 1974 suos
1150 1913 1208 1974 sibi
1225 1913 1364 1977 devinci·

264 1995 358 2056 endos
372 2000 563 2078 excogitasse.
586 1998 623 2056 In
639 1993 744 2056 Galliis
759 1995 833 2056 olim
847 1998 1001 2076 proximus
1014 2017 1032 2054 a
1046 2016 1117 2078 rege
1131 1999 1231 2074 maior
1245 1996 1362 2060 domus

261 2077 487 2158 nominabatur.
530 2079 716 2139 Graecoriun
731 2080 949 2160 imperatorum
963 2077 1098 2161 exarnplo
1117 2099 1150 2139 se
1204 2100 1288 2161 oque
1302 2081 1362 2142 ‹le-

263 2173 365 2244 spotas
386 2163 479 2242 yicini
508 2162 659 2243 principes
682 2159 741 2220 dici
763 2159 944 2240 voluerunt,
965 2164 1142 2243 praesertim
1161 2100 1299 2245 bulgari
1330 2175 1365 2226 et

260 2243 371 2305 Servii.
389 2243 457 2323 'Qui
471 2244 623 2304 interdum
637 2243 671 2302 in
686 2241 871 2303 Graecorum
883 2243 1017 2305 Historiis
1030 2246 1114 2327 regio
1128 2265 1252 2326 quoque
1265 2245 1363 2307 titulo

263 2337 435 2403 censentur,
450 2345 590 2409 cumpro
605 2325 736 2408 despotis
743 2325 846 2387 Cralcs
858 2337 889 2386 ct
900 2348 1008 2388 errores
1014 2348 1071 2409 pro
1086 2326 1245 2410 despoenis
1255 2327 1361 2390 Crale·

261 2428 319 2471 nae
328 2408 530 2492 appellantur3
550 2409 609 2471 boc
621 2411 734 2491 quippe
741 2419 829 2471 sonat
841 2408 953 2471 nome'n
963 2410 1140 2473 barbarum.
1156 2411 1205 2474 Sic
1220 2411 1360 2474 aCanta-

260 2512 374 2553 cunano
389 2491 579 2553 Acarnaniae
599 2504 629 2553 et
650 2491 787 2553 Aetoliae
799 2496 950 2577 principes
963 2494 1104 2576 despotae
1119 2494 1278 2555 dicuntur.
1300 2497 1364 2557 Vc·

259 2595 331 2637 rum
345 2586 447 2636 noster
463 2575 624 2637 historicus
638 2574 873 2637 Constantinum
886 2574 1054 2637 Andronici
1076 2576 1172 2636 filium
1192 2576 1363 2660 despotam

258 2670 402 2721 vocatum
417 2658 533 2737 scribit,
549 2662 602 2742 qui
615 2668 684 2741 post
698 2657 877 2739 Micbaclem
889 2658 1013 2719 fratrem
1027 2661 1157 2741 genitus,
1172 2679 1228 2740 per
1245 2673 1364 2723 cuncta

258 2743 406 2803 secundas
420 2742 580 2803 obtineret.
603 2740 754 2802 Infantem
765 2753 875 2803 vocant
883 2742 1022 2825 Hispani.
1044 2741 1249 2803 Observanda
1260 2746 1362 2827 igitur

258 2822 318 2885 alia
331 2827 427 2886 notio.
469 2824 661 2885 Monebimus
674 2826 706 2884 in
721 2825 869 2885 Annotat.

320 2902 627 2987 Παρακοιμώμενος,
644 2906 772 2967 subaudi
784 2906 1011 2986 tministros,
1026 2904 1168 2984 cubiculi,
1177 2905 1360 2973 Accutuor

256 2990 393 3052 cubiculi
406 2989 447 3050 ad
467 2989 608 3069 verbum,
624 2989 715 3049 idest
729 2991 808 3049 sacri
821 2989 952 3051 cubiculi
982 3011 1036 3051 seu
1063 2990 1258 3052 excubiarum
1272 2994 1358 3054 sacri

256 3072 389 3134 cubiculi
407 3072 596 3156 praefectus,
626 3074 755 3155 principi
777 3092 830 3132 seu
859 3075 1034 3153 imperatori
1061 3094 1080 3133 a
1101 3070 1270 3150 cubiculis,
1294 3086 1358 3137 aut

256 3156 425 3239 praefectus
446 3156 653 3215 excubitorum
689 3166 719 3214 ct
732 3153 892 3214 custodum
905 3158 982 3215 sacri
997 3154 1140 3216 cubiculi.
1183 3153 1288 3235 Caput
1303 3170 1356 3219 est

254 3258 432 3321 puerorum,
448 3240 500 3317 qui
516 3239 547 3295 in
564 3248 687 3296 coetone
702 3247 784 3310 sunt,
800 3246 831 3296 et
844 3236 1110 3313 cubiculariomnn,
1123 3234 1238 3297 habens
1253 3242 1356 3302 etiam

254 3320 313 3381 oibi
328 3319 483 3381 subditum
497 3318 722 3400 procubitorem
738 3320 815 3378 sacri
829 3319 972 3379 cubiculi.
996 3322 1043 3381 lta
1057 3317 1251 3400 Curopalata.
1284 3324 1356 3384 Ma-

254 3422 349 3483 gnum
363 3401 581 3464 cubicularium
595 3400 687 3483 aliqui
701 3412 823 3461 vocant.
874 3402 1074 3464 Leunclavius
1087 3401 1240 3461 Pandecte
1254 3400 1357 3467 bisto-

254 3487 318 3546 riae
333 3487 480 3545 Turcicae
494 3506 546 3545 seu
561 3484 600 3544 nd
611 3482 745 3544 Annales
760 3484 915 3545 Turcieos:
932 3477 1207 3566 παρακριμῶμενοι
1221 3496 1296 3547 sunt
1305 3490 1355 3549 in·

254 3569 321 3629 timi
336 3566 526 3642 cubicularii,
544 3569 601 3649 qui
616 3564 821 3649 augustalibus
835 3569 868 3626 in
882 3566 1028 3629 cubiculis
1042 3578 1072 3627 et
1081 3567 1139 3648 ipsi
1154 3577 1279 3647 propter
1293 3570 1355 3629 im·

252 3663 407 3733 pecatores
427 3648 627 3711 dormiebant.
677 3647 752 3709 Tale
773 3669 854 3708 nunc
868 3647 1000 3710 officium
1015 3661 1060 3710 est
1073 3649 1154 3734 apud
1169 3650 1351 3714 Turcamm

252 3732 413 3797 Sultanum
428 3735 491 3792 eius
506 3730 701 3808 cubicularii,
723 3732 776 3812 qui
798 3730 935 3792 Thiodar
960 3743 1014 3793 aut
1033 3731 1193 3793 Tmhadar
1212 3732 1350 3813 appella-

253 3826 316 3878 tur.
360 3818 390 3878 Is
405 3818 486 3877 enim
501 3824 532 3875 et
544 3818 625 3874 intra
638 3813 755 3874 Sultani
771 3811 944 3875 cubiculum
956 3826 1050 3876 noctu
1064 3814 1202 3875 excubias
1225 3818 1288 3896 agit
1314 3828 1351 3877 et

250 3898 387 3982 p'uviam
401 3898 517 3959 Sultaui
531 3908 645 3958 vestem
659 3907 767 3978 gestat,
780 3906 815 3955 ut
824 3894 1061 3974 παρακεᾴιενος,
1077 3919 1155 3980 quae
1167 3917 1348 3958 waraman-

250 3982 335 4065 gium
349 3992 486 4045 vocatur.
529 3981 576 4040 ilc
590 3991 703 4039 norunt
715 4000 829 4055 omnes,
850 3983 902 4060 qui
926 3980 1052 4040 Portam
1071 3983 1213 4041 viderunt
1233 3980 1350 4041 Osma·

250 4071 369 4145 nicam,
395 4086 457 4125 non
471 4063 630 4124 Sultanum
643 4062 734 4123 modo
747 4064 885 4122 comitari
899 4062 1137 4141 cubicularium,
1159 4064 1212 4143 qui
1231 4083 1346 4123 sereno

250 4148 472 4295 bittit
480 4157 936 4315 ttttttttitttti
948 4146 1347 4329 {iiiiiipiffli
