3025 4900
386 351 643 420 muliano
674 357 942 428 ardumum.
1082 369 1207 438 mul

121 505 165 570 'Ac
175 508 308 591 primum
321 509 445 592 quidem
454 510 564 574 Caesar
577 513 635 574 suit
648 513 797 578 secundus
810 517 851 579 ab
865 519 1044 601 inperatore
1057 521 1104 603 (ut
1114 523 1208 589 hodic

119 611 167 653 rer
180 594 387 654 Romanorum
401 604 446 655 est
459 597 491 655 in
505 594 653 658 occidenti
667 600 803 680 imperio)
820 611 851 661 et
861 602 994 664 obtinuit
1007 605 1066 665 hoc
1080 606 1119 666 ad
1135 606 1206 670 Alo

120 677 196 734 rium
212 674 402 736 Comnenum
415 697 522 760 usque:
543 689 647 761 postea
661 679 885 745 Sebastocrator
901 686 1051 746 secundus
1064 697 1110 748 est
1123 689 1207 751 habi·

117 767 176 834 tus,
191 767 222 817 et
236 758 347 819 Caesar
359 761 466 820 tertius
481 781 545 822 esse
559 764 676 845 coepit,
692 783 763 824 cum
777 763 901 828 Alexius
917 768 1089 832 Comnenus
1102 770 1207 834 isuad-

116 859 168 898 um
181 839 304 902 flauam
317 841 559 904 Sebastocratora
574 843 703 925 dicerm
729 857 837 908 auctor
859 850 1004 912 Zonaras.
1046 851 1207 916 Postremo

115 921 252 1003 despotcs
281 926 345 984 sive
358 923 498 987 dominus
512 927 551 988 ab
564 929 745 1009 imperatore
754 930 903 993 secundus
916 944 961 994 est
974 933 1082 1013 factus,
1097 957 1207 1019 nempe

114 1003 238 1066 Alnus
251 1005 466 1089 palaeologus,
481 1009 647 1072 cumidem
662 1011 835 1074 Comnenus
848 1013 917 1074 filiis
930 1017 1065 1078 maribus
1079 1039 1205 1098 carens,

114 1085 232 1148 irenem
254 1087 347 1150 liliam
367 1110 454 1152 suam
473 1093 704 1174 primogenitam
718 1093 827 1156 Alexio
846 1093 919 1156 huic
946 1098 1107 1181 despondit
1126 1121 1207 1162 eum·

113 1189 174 1250 que
186 1169 275 1232 titulo
290 1169 444 1255 despotae‚
465 1174 498 1236 id
513 1185 569 1254 est,
590 1175 717 1256 domini,
731 1178 863 1254 ornarit,
885 1178 1021 1240 firturum
1034 1203 1143 1264 nempe
1155 1183 1206 1244 he·

113 1251 216 1313 rcdem
229 1255 361 1336 imperii,
383 1257 442 1316 nisi
455 1267 552 1319 morte
565 1257 700 1320 sublatus
714 1270 804 1336 esset,
825 1269 903 1320 teste
917 1264 1050 1344 Gregora
1062 1263 1117 1324 lib.
1135 1267 1165 1326 3.

198 1331 456 1418 Honestissima,
468 1339 620 1423 Princeps
635 1361 689 1401 seu
703 1342 826 1424 primus
841 1344 1054 1424 psallentium.
1103 1347 1207 1407 Eccle-

113 1418 266 1478 siasticum
278 1440 390 1480 nomen
410 1431 470 1502 est,
492 1419 624 1485 dealem
637 1423 752 1508 palatii.
794 1423 936 1488 Forsitan
958 1429 1100 1511 magister
1120 1428 1206 1491 chori

114 1510 168 1560 aut
180 1501 279 1562 simile
294 1502 451 1584 quiddam.

193 1583 394 1664 Δομέστικοι,
404 1585 588 1650 Domestici.
605 1588 641 1649 In
652 1588 718 1651 iure
731 1588 921 1672 appellantur
932 1589 1087 1654 domestici
1098 1612 1205 1655 omnes

112 1663 263 1726 adiutores
294 1670 358 1728 sive
387 1668 555 1730 administri
575 1669 708 1754 legitime
725 1675 854 1734 instituti
874 1695 893 1732 a
907 1674 993 1736 iustis
1016 1672 1206 1738 functionum
1299 1667 1307 1691 ⁸
1367 1695 1371 1703 ·

112 1749 298 1830 principibus
320 1753 352 1810 in
365 1749 489 1833 palatio,
514 1755 612 1813 autin
628 1755 706 1832 foro,
726 1756 825 1815 autin
839 1754 975 1816 ecclesia.
1027 1757 1064 1818 ln
1076 1753 1203 1840 palatio,

113 1839 149 1888 ut
166 1850 294 1913 magnus
315 1833 507 1914 domesticus,
531 1833 712 1899 domesticus
733 1858 868 1917 mensae,
890 1836 1073 1902 domesticos
1091 1839 1205 1902 schola·

112 1931 193 1990 rum,
214 1915 395 1978 domesticus
410 1937 578 1996 murorum,
594 1918 776 1982 domesticus
797 1922 957 2003 regionum
974 1929 1034 1981 etc.
1075 1922 1111 1982 ln
1124 1925 1204 2002 foro,

111 2005 146 2054 ut
158 1995 313 2058 domestici
327 1999 651 2079 iudicum,administri.
666 2001 702 2064 ln
717 2001 853 2082 ecclesia,
866 2012 902 2064 ut
911 2001 1092 2064 domesticus
1105 2003 1204 2084 chori,

110 2075 293 2142 domesticus
306 2084 464 2144 ianuarum
479 2094 548 2161 etc,
569 2103 700 2168 quonam
713 2088 851 2146 omnium
866 2083 981 2144 functio
994 2082 1204 2162 dopaorrir'scoa

110 2161 175 2222 sire
190 2158 397 2240 dornatiacus,
412 2165 444 2227 id
458 2176 515 2240 est,
530 2166 755 2244 domesticatim,
777 2167 858 2227 dicta
871 2177 929 2226 est.

187 2235 482 2328 Ῥαιφερενδᾶριος,
502 2247 764 2330 Refirendurius.
807 2247 1034 2310 Ecclesiasticus
1050 2247 1206 2331 dignitatis

110 2345 236 2406 nomen,
252 2328 359 2390 Latine
371 2328 505 2412 Relator,
520 2333 573 2418 qui
587 2329 734 2413 allegatur
749 2327 789 2390 ad
803 2333 1015 2416 imperatorem
1028 2341 1060 2393 et
1070 2333 1204 2395 sacerdo·

110 2418 173 2472 tem
187 2413 364 2476 maximum.
849 2455 852 2461 ,

198 2492 526 2577 Πανυπερσέβαστος,
546 2496 794 2579 Angustissimus
812 2495 960 2561 omnm.
1013 2495 1065 2557 Ab
1090 2495 1200 2559 Alexio

110 2578 268 2638 comneno
283 2578 389 2641 titulus
403 2584 557 2659 inventus,
573 2592 609 2641 ut
623 2578 765 2641 Michaeli
780 2580 943 2639 Tar-unitae
965 2579 1202 2661 gratificaretur,

109 2658 193 2741 quod
206 2660 312 2721 scribit
323 2662 457 2725 Zonaras
469 2673 553 2723 tomo
567 2664 599 2725 ὅ.
615 2661 673 2723 sub
687 2662 790 2723 linem.
811 2660 956 2742 Superior
971 2671 1035 2721 erat
1047 2663 1201 2745 omnibns,

108 2746 200 2804 etiam
213 2746 280 2825 ipso
294 2746 534 2826 protovestiario,
556 2764 665 2827 magno
678 2744 768 2821 duce,
788 2761 899 2825 magno
911 2741 1076 2803 domestico
1088 2755 1146 2805 eto.

191 2820 510 2906 assurrectione,
540 2825 825 2889 Protcwstioriur.
878 2824 978 2885 Huius
1002 2822 1138 2886 officium
1159 2829 1202 2887 sic

107 2906 301 2969 desmibitur.
344 2901 535 2965 decendente
558 2906 651 2985 igitur
665 2907 865 2985 imperatore,
885 2917 921 2966 ut
934 2905 1119 2968 doclmamm
1133 2920 1203 2984 est,

107 2988 147 3049 ad
169 2989 346 3063 oratorium,
372 2986 643 3063 Protovestiarius,
672 2990 724 3067 qui
745 2984 891 3065 pilaticia,
911 3006 989 3067 qrme
1013 2991 1203 3069 imperatoris

106 3080 300 3153 prospectum
314 3068 478 3151 obtegunt,
499 3078 553 3129 aut
574 3078 691 3149 sceptra
712 3065 868 3127 iudicialis
887 3078 981 3145 tenet,
1003 3080 1038 3128 ut
1051 3070 1086 3131 in
1107 3070 1203 3131 altum
1293 3091 1301 3113 ’

105 3154 255 3215 subrecta
268 3164 351 3230 sunt,
372 3150 474 3213 dextra
487 3170 580 3213 manu
594 3170 649 3213 sua
663 3148 843 3244 educensea
852 3192 875 3245 ,Ι
886 3168 904 3209 e
915 3150 1062 3231 pruthyro
1072 3154 1203 3248 ostmdit

104 3234 242 3319 populo,
262 3232 470 3295 demonstrans
482 3233 541 3294 hoc
556 3236 660 3316 signo,
684 3229 852 3293 ascenduse
866 3243 1123 3332 imperatoremm
1137 3257 1203 3333 ora-

104 3322 233 3380 torium.
286 3318 344 3379 Hic
358 3326 459 3415 autem
481 3318 513 3413 in
527 3318 671 3392 oratorio,
691 3318 717 3375 ai
736 3317 900 3395 imperator
922 3326 975 3374 aut
994 3336 1084 3377 suum
1105 3339 1200 3398 ipsius

106 3398 457 3563 ffliuisslffl
468 3397 1006 3543 tltlifflnttffi
1025 3399 1201 3565 iiiiii

105 3568 171 3625 tori
193 3566 297 3627 tradit:
319 3574 418 3646 neque
432 3563 464 3625 id
478 3562 576 3625 solum
589 3564 621 3623 in
643 3573 779 3644 tempore
803 3560 951 3621 musmodr
968 3562 1112 3625 festorum
1133 3564 1199 3625 die-

104 3668 199 3724 rum,
220 3668 327 3709 venam
346 3651 436 3707 etiarn
457 3666 575 3727 semper
591 3646 633 3705 ita
650 3644 732 3705 iacit.
774 3642 811 3703 ld
831 3661 906 3703 vero
926 3645 1015 3706 etiam
1039 3649 1199 3728 proprium

103 3740 138 3791 et
159 3730 312 3826 sinfflrlarc
333 3728 445 3825 habet,
474 3727 557 3809 quod
581 3729 606 3825 ⁸?
629 3727 703 3809 quiid
728 3722 861 3787 alienum
879 3723 1000 3825 viderit,
1022 3728 1199 3809 autlutum‚

102 3822 163 3873 aut
179 3812 256 3894 quid
272 3810 355 3873 aliud
378 3811 416 3909 ad
429 3820 616 3909 imperatoris
633 3819 760 3886 restem,
780 3806 1009 3952 deplpipenpuitlle
1035 3811 1200 3953 umpeilllplrp

103 3905 174 4039 :gli
185 3902 664 4059 trericigarllteiis.call⁷ltxmoialunibriitineli)
683 3900 951 4053 illlinprillcipibus
964 3913 1203 4037 nclinl'lgiructori·

103 4070 206 4121 tatem
224 4059 317 4121 habet
336 4058 464 4121 faciendi
487 4061 576 4135 istuc,
598 4058 651 4117 sed
668 4054 718 4116 ille
733 4054 827 4115 solus.
868 4055 1020 4133 Pilatieio
1033 4070 1079 4118 est
1096 4078 1201 4141 opusc

103 4144 283 4225 margaritis
300 4164 372 4204 cum
385 4142 516 4221 fimbria,
531 4144 564 4202 in
578 4138 798 4220 longitudinem
809 4137 1089 4283 mmmmm,
1110 4144 1143 4201 in
1162 4141 1202 4201 la·

103 4226 274 4286 titudinem
288 4236 388 4287 autern
407 4224 519 4307 palmo,
534 4242 672 4307 quaeror
687 4218 881 4301 Medomng
981 4222 1203 4305 trimiliterque
1276 4309 1281 4322 ἱ

193 4324 416 4385 cameasenus.
992 4336 1008 4372 ⁰
