3025 4900
306 277 359 337 XX
734 271 760 330 l.
790 265 969 331 PONTth

305 441 346 506 ab
366 440 437 506 ortu
456 437 593 519 Christi,
627 433 806 502 orientalem
834 435 991 500 moeson
1014 458 1033 500 s
1057 439 1194 502 Romano
1218 436 1391 498 secessisse?

304 541 460 604 Femntnr
472 543 545 602 item
557 538 692 602 historici
706 558 769 598 non
782 539 892 621 pauci,
913 537 972 598 hoc
985 548 1091 600 nostru
1103 539 1216 622 partim
1237 537 1389 618 antiquio-

304 662 377 720 res,
397 643 509 726 partim
523 641 723 718 recentiores,
744 657 821 720 quos
842 655 913 696 cum
931 637 971 697 ad
992 659 1089 698 amum
1109 637 1160 698 vel
1173 638 1206 696 iu
1217 634 1387 713 haereticis,

303 739 354 804 vel
373 743 406 808 in
427 740 622 804 schismaticis
643 741 709 798 iure
721 757 933 814 numeremus,
964 736 1050 798 nullo
1073 747 1176 797 tamen
1197 753 1305 796 eorum
1326 734 1392 794 sinc

303 837 418 922 aliquo,
442 839 582 900 omnibus
595 835 685 898 simul
698 838 764 898 sine
777 834 907 894 maximo
920 832 1101 897 detrimento
1115 834 1241 896 ecclesia
1254 834 1392 894 Romana

302 959 406 1000 carere
426 957 488 1000 non
503 948 613 1020 potest.
656 934 726 996 Vin'
745 945 782 996 tu
803 933 909 996 audire
931 937 984 1016 qui
1007 935 1090 996 sint?
1144 935 1329 994 Sozorneuus
1361 940 1392 991 et

173 1085 176 1093 .
302 1037 440 1106 Socrates
454 1038 565 1099 Novati
580 1035 736 1119 perfidiam
752 1036 858 1096 sectati
871 1045 954 1095 suut.
995 1035 1136 1113 Quorum
1150 1033 1200 1094 hic
1215 1054 1278 1094 non
1288 1029 1391 1095 oblata

301 1134 420 1216 solum,
449 1135 503 1198 sed
525 1136 678 1196 interdum
699 1135 790 1194 etiam
812 1135 948 1216 quaesita
967 1135 1122 1197 occasione
1142 1133 1330 1196 Novatianos
1351 1128 1390 1192 li-

184 1287 191 1298 ,
299 1232 408 1298 henter
429 1231 551 1313 laudnt,
579 1235 651 1316 ipsis
672 1229 820 1292 miracula
839 1231 960 1309 tribuit,
983 1232 1191 1296 Romanorum
1213 1232 1390 1316 pontificum

298 1335 466 1416 potentiam
485 1335 636 1414 exagitat:
665 1350 744 1414 quae
757 1331 862 1390 omnia
876 1329 1004 1392 lacobus
1015 1331 1121 1396 Billius
1136 1332 1271 1396 eruditus
1286 1331 1389 1392 Theo·

299 1430 386 1515 loghs
400 1431 644 1494 obsevaeonum
658 1449 813 1492 sncrmum
833 1427 913 1494 libro
924 1429 1025 1510 primo
1039 1434 1138 1513 capite
1150 1433 1296 1515 vigesimo
1308 1440 1390 1492 sexto

298 1527 467 1594 luculenter
487 1528 684 1592 demonstrat.
712 1515 763 1589 De
775 1527 948 1610 Nicephoro
963 1525 1088 1590 Callisto
1103 1528 1200 1614 liquet
1217 1551 1253 1592 ex
1267 1531 1390 1592 Genua·

297 1629 341 1694 dii
356 1627 494 1714 apologia
509 1649 566 1712 pro
578 1626 714 1692 Concilio
728 1625 924 1708 Florentino,
948 1626 1003 1690 uhi
1022 1629 1087 1690 eius
1100 1649 1163 1692 uon
1179 1641 1245 1695 tam
1264 1631 1388 1713 scripta,

296 1747 390 1812 pram
408 1731 545 1790 convicia
563 1739 669 1790 contra
690 1727 816 1792 Latinos
829 1726 1020 1795 refelluntur
1035 1738 1072 1790 ut
1085 1727 1123 1790 de
1136 1731 1186 1808 iis,
1206 1749 1286 1814 quae
1299 1747 1387 1811 spar-

297 1829 356 1890 sim
378 1830 410 1889 in
433 1826 592 1892 historiam
612 1845 699 1892 sunm
720 1829 843 1890 sinistra
863 1829 1009 1908 insenuit,
1038 1827 1118 1906 nihil
1130 1828 1243 1892 dicam.
1285 1831 1386 1892 Zona-

297 1945 364 1990 rnm
384 1926 476 1990 luisse
488 1925 734 2006 schismaticum,
761 1928 866 1988 testari
880 1938 1006 2010 possunt
1026 1930 1091 1990 eius
1104 1939 1245 2011 poemata
1265 1927 1386 1990 aculea-

294 2027 412 2090 tissime
433 2025 472 2088 de
484 2027 674 2110 pmcestono
688 2026 785 2088 sancti
798 2025 947 2108 Spiritus,
968 2037 1000 2087 et
1019 2025 1080 2090 alia
1099 2026 1245 2090 adversus
1260 2028 1387 2090 Latinos

295 2127 483 2208 composito,
504 2142 583 2208 quae
594 2123 809 2187 Genehrardus
827 2122 903 2186 dum
916 2136 1125 2207 converteret,
1152 2147 1184 2188 se
1198 2128 1386 2188 criminatio-

297 2243 351 2286 nes
364 2223 432 2288 illas
446 2225 582 2286 orruisse
595 2233 711 2286 narret.
754 2223 804 2286 De
816 2222 1017 2307 Pachymerio
1032 2224 1114 2286 idem
1134 2236 1275 2289 constare
1286 2237 1387 2309 potest
1410 2257 1415 2265 ·

294 2343 331 2388 ex
352 2321 501 2385 adiunctis
515 2322 555 2383 sd
574 2323 742 2404 Gregorom
762 2322 917 2384 Latinum.
958 2323 1007 2385 Ea
1023 2335 1095 2385 sunt
1108 2326 1228 2409 capita,
1252 2346 1306 2387 seu
1326 2323 1386 2385 loci

295 2443 399 2486 rerum
412 2424 559 2485 memoria
572 2420 746 2506 dignarum,
764 2421 900 2486 ecodioe
918 2422 1111 2507 Augustano,
1139 2427 1220 2487 carie
1234 2423 1384 2504 confecto,

295 2533 327 2583 et
346 2521 476 2600 mutilo,
505 2542 561 2606 per
580 2521 714 2605 singulos
734 2520 831 2585 libros
850 2526 999 2606 excerpti:
1033 2526 1120 2587 cuius
1141 2526 1261 2587 animus
1274 2527 1308 2587 in
1321 2526 1385 2587 Rc-

294 2638 416 2684 msnam
438 2618 594 2683 ecclesiam
616 2620 714 2705 qualis
736 2622 846 2703 licerit,
870 2643 905 2685 ex
927 2626 1057 2707 quinto,
1086 2634 1192 2703 serto,
1221 2635 1254 2686 et
1275 2636 1384 2686 octavo

248 2704 254 2717 ⁵
293 2724 483 2803 potissimum
504 2718 591 2785 lihris
604 2720 850 2807 deprehenditur.
896 2722 1104 2805 Nicephorum
1118 2724 1287 2806 Gregoram
1305 2742 1382 2805 quo-

293 2838 373 2904 que,
402 2832 432 2883 et
446 2821 584 2883 Nicetam
595 2820 776 2884 Chonistam
790 2842 896 2883 eorum
914 2834 1111 2884 monumenta
1123 2822 1269 2905 produnt.
1294 2821 1384 2883 Adde

293 2920 354 2982 huc
372 2918 566 2998 cedrenum,
590 2919 738 3003 Glycam,
767 2920 999 2981 Constantinum
1020 2922 1210 3001 Manassem,
1239 2922 1383 2982 loannem

294 3032 324 3081 et
344 3020 508 3102 Georgium
540 3016 737 3101 Curopnlatas
776 3029 806 3079 et
820 3016 915 3096 alios,
946 3021 971 3081 si
989 3040 1179 3103 quaeramus.
1217 3018 1298 3079 Nam
1326 3038 1382 3100 per

294 3116 346 3181 illa
360 3130 496 3199 tempora
516 3128 580 3177 tam
593 3136 656 3179 non
679 3116 767 3179 focile
783 3117 986 3193 monachum,
1012 3129 1066 3179 aut
1079 3118 1257 3201 scriptorem
1277 3138 1298 3179 n
1317 3116 1381 3180 Ro·

294 3235 384 3277 mana
397 3212 521 3277 ecclesia
535 3236 597 3277 uon
609 3214 827 3277 alienissimum
839 3226 905 3277 erat
917 3218 1055 3277 invenire
1075 3219 1107 3277 in
1122 3218 1262 3297 Graecia,
1287 3234 1381 3299 quam

293 3314 385 3376 hodie
405 3310 528 3377 difficile
548 3326 594 3375 est
613 3299 794 3397 praeconem
812 3316 900 3379 verbi
916 3316 998 3395 Dei,
1027 3326 1080 3377 aut
1100 3314 1301 3398 professorem
1319 3314 1379 3374 Ca·

292 3411 439 3477 tholiurm
460 3416 596 3477 invenire
617 3416 649 3475 iu
661 3415 800 3477 Saxonis.
840 3415 884 3477 Et
905 3418 958 3499 qni
977 3414 1100 3477 tandem
1117 3416 1182 3477 lieri
1201 3424 1319 3497 potest,
1343 3423 1381 3474 ut

292 3516 346 3597 qui
380 3510 573 3575 Petriarchns
603 3512 950 3599 Constantinopolitanos
984 3515 1189 3577 schismaticos
1225 3510 1380 3597 appellant

293 3613 515 3691 monuimus,
538 3616 767 3693 oecumenicos,
799 3622 830 3675 et
852 3615 1004 3697 principes
1021 3612 1184 3693 ecclesiae,
1211 3614 1269 3695 ipsi
1297 3612 1377 3673 eins-

293 3710 364 3773 dem
388 3710 503 3771 farinae
522 3728 585 3772 nou
606 3710 742 3775 luerint?
764 3712 797 3777 Si
819 3730 875 3796 ego
888 3715 1062 3796 quempiam
1074 3711 1377 3795 superintendentem
1482 3769 1483 3776 ,

294 3810 472 3871 ememus
495 3808 644 3873 monuo
667 3810 835 3891 mamm,
867 3812 977 3892 creso,
1006 3811 1121 3893 inqui,
1155 3812 1218 3873 imo
1237 3809 1375 3895 plurmi,
1481 3799 1483 3882 ἵ

292 3928 349 3969 neo
371 3908 501 3986 iniuria,
533 3928 583 3970 me
605 3910 813 3972 Lutherenum
842 3921 896 3972 aut
918 3908 1130 3973 Celsinianum
1161 3930 1225 3971 esse
1252 3905 1375 3987 collige·
1481 3899 1482 3926 ¹

292 4016 371 4069 rent.
425 4005 527 4091 Atque
547 4020 583 4073 ut
603 4008 643 4073 ab
664 4008 815 4073 historicis
834 4008 998 4093 obeamus,
1027 4020 1059 4074 et
1075 4006 1115 4073 ad
1128 4006 1202 4073 alios
1215 4006 1375 4090 scriptores
