3025 4900
326 341 380 430 50
665 375 668 382 ·
722 368 1001 440 mmscuznu

180 527 208 579 A.
220 527 363 591 Cuiaodi
378 528 435 608 ἐμὲ
456 526 534 611 μήτε
550 524 679 600 άλῦπως
700 525 809 612 ἕπτ’τῷ
822 526 977 614 χειρισμῷ
989 523 1081 607 ῦμῶν
1100 526 1296 608 διακεῖσθαι,
1320 519 1404 613 μήθ’
1438 522 1443 535 ’

319 625 364 700 ῶς
381 627 436 690 τοῦ
450 623 585 709 μηδενὸς
597 623 706 700 οἷ’ξίους
725 620 813 704 ῦμῦς
829 621 928 699 οῦτως
943 625 978 688 ἐκ
995 627 1054 688 τοῦ
1070 625 1247 710 παραυτίκα
1260 626 1403 690 dnm-‘irs‘-

318 729 408 789 σθαι.
428 725 461 800 ἐξ
479 718 553 786 ὅτου
571 717 632 807 γάρ
649 721 723 808 περὶ
737 721 962 787 τῶντοιούτων
982 720 1127 808 ἠρξάμην
1138 726 1255 804 λέγειν,
1275 726 1400 788 πολλῶν

318 820 375 905 τὴν
389 821 553 886 διάστασιν
571 819 661 901 ῦμῶν
681 823 796 884 ἐννοῶν
815 819 1009 901 αἰσθάνομαι
1031 823 1094 885 τῶν
1115 820 1303 905 ἆλγηδῦνων·
1325 816 1399 886 vida

319 923 350 983 d’
370 923 403 984 ἐν
424 923 468 1008 τῷ
484 917 564 999 μετὰ
582 921 684 983 ταῦτα
699 919 754 982 καί
772 917 923 982 πλειόνων
944 917 1173 1002 αἰσθησόμενος
1187 923 1242 984 καί
1259 914 1423 1004 σφοδρο5

292 1022 426 1103 Βεέρων·
448 1021 555 1104 φέρειν
571 1019 606 1081 δὲ
621 1012 750 1100 α’νάγκη,
770 1019 830 1080 τῶν
846 1016 1036 1100 πραγμάτων
1049 1016 1237 1099 ἀσυμβάτως
1251 1019 1399 1098 ἐχόντων·
1462 1031 1469 1045 ‘

317 1118 347 1181 εἰ
361 1119 420 1198 μὲν
436 1109 511 1197 οῦν,
538 1109 641 1198 ῶσπερ
665 1110 766 1195 εἶπον,
798 1114 962 1197 ἐθελήσετε
976 1116 1038 1179 τῶν
1053 1117 1212 1201 προτέρων
1228 1118 1398 1197 ἐχομένους

316 1216 490 1296 λογισμῶν,
509 1211 591 1297 ὑπὲρ
605 1215 666 1291 μὲν
681 1213 736 1293 τῆς
748 1211 901 1296 ἡμετέρας
914 1216 1069 1296 σωτηρίας
1085 1212 1271 1298 φροντίσαι,
1295 1216 1398 1296 μηδὲν

316 1317 349 1377 δὲ
364 1309 444 1376 κατὰ
461 1311 614 1394 βασιλέως
631 1309 870 1391 βουλεύσασθαι
887 1313 949 1374 τῶν
964 1309 1144 1391 άπεικότων,
1157 1308 1212 1374 κατ’
1219 1311 1275 1391 ε’μὲ
1286 1333 1397 1375 κοινω-

316 1409 370 1476 νὸν
389 1413 470 1486 ἕξετε
491 1411 553 1472 τῶν
574 1409 802 1492 πραττομένων
837 1410 868 1471 εἰ
890 1409 919 1470 δ’
937 1405 1052 1490 ἑτέρως
1082 1407 1160 1489 ῦμῖν
1183 1409 1282 1490 δοκεῖ,
1303 1402 1450 1474 oduino

315 1503 391 1572 ῦλλο
415 1503 539 1588 λοιπὸν,
568 1499 589 1585 ἢ
606 1503 705 1568 πολλά
721 1508 777 1587 τῆς
794 1506 837 1581 εἷς
853 1507 910 1586 ἐμὲ
927 1505 1033 1591 φιλίοις
1051 1507 1257 1588 ἐπευξάμενον
1275 1504 1395 1590 άγαθά,

315 1612 387 1671 καθ’
399 1603 509 1670 ἑαυτὸν
528 1601 550 1668 ά
568 1627 624 1685 μοι
642 1606 722 1666 douai
739 1605 943 1688 συμφέροντα
960 1605 1139 1691 πράττειν.”
1182 1607 1322 1670 Τοιαῦτα
1339 1605 1397 1672 καὶ

313 1708 371 1770 τοῦ
387 1701 541 1786 βασιλέως
565 1702 704 1777 εἰπόντος
712 1751 728 1782 ,,
753 1701 903 1766 indusio
924 1704 984 1784 μὲν
1006 1700 1087 1785 πρὸς
1108 1699 1262 1789 ἀλλήλους
1274 1701 1395 1789 ἓῶρων,

312 1801 349 1867 τὸ
369 1806 422 1888 τῆς
444 1801 568 1885 γνώμης
587 1799 803 1880 θαυμάζοντες
821 1801 874 1866 ι’πί
893 1799 932 1865 τά
952 1799 1033 1866 καλά
1051 1799 1200 1887 βεβηκὸς,
1229 1798 1272 1880 ῶς
1291 1805 1392 1886 μηδὲν

284 1902 371 1984 (ζτῆς
386 1897 464 1985 πρὸς
480 1897 536 1964 τὸν
551 1900 684 1980 βασιλέα
699 1900 754 1962 κατ’
769 1898 895 1962 πάππον
911 1901 1022 1974 αἰδοῦς
1039 1896 1178 1984 ῦφεῖναι,
1189 1904 1302 1966 *καίτοι
1313 1899 1442 1965 πολ-15

311 2007 377 2076 λοῖς
391 1992 489 2062 αῦτὸν
506 2006 571 2072 τοϊς
591 1997 744 2062 λυποῦσιν
762 1995 981 2078 ἀμειβομένου.
1021 1992 1083 2063 εἷθ’
1105 1996 1125 2060 o‘
1140 1998 1391 2084 πρωτοστράτωρ

312 2097 497 2178 ἀπεκρίνατο
516 2095 659 2159 τοιαῦτα·
685 2094 802 2178 ,,ἡμῖν,
833 2088 861 2158 ῶ
882 2097 1024 2177 βασιλεῦ,
1051 2094 1085 2161 ad
1110 2099 1273 2183 συμφέρον
1290 2099 1346 2160 σοί
1357 2123 1393 2161 τε

312 2194 454 2277 καίἦμΐν
475 2192 584 2266 αὐτοῖς
604 2193 784 2274 σκοποῦσιν,
804 2187 828 2255 ά
845 2198 1015 2256 λυσιτελεῖν
1030 2195 1215 2276 ἐδοκοῦμεν,
1235 2193 1394 2280 ἐφθεγξά-

309 2297 406 2374 μεθα.
427 2287 502 2355 ild&
518 2292 591 2374 περὶ
600 2291 755 2371 βασιλέως
769 2287 1006 2376 ἐφθεγξάμεθα,
1038 2291 1096 2354 οῦκ
1116 2288 1194 2357 adro*
1214 2282 1309 2356 τοῦτο
1328 2293 1394 2372 μό-

309 2413 362 2455 νον
379 2385 464 2464 ῦττως
480 2387 575 2453 κακόν
588 2411 618 2453 τι
629 2387 728 2452 πάθοι
738 2389 924 2462 σκοποῦντες
941 2389 1207 2472 ἐβουλευσάμεθα,
1228 2389 1296 2478 άλλ’
1307 2385 1444 2467 ῦπωςτο

308 2486 353 2571 μὴ
371 2484 452 2569 μετά
470 2486 504 2551 sd
525 2488 670 2572 φανερῶς
686 2486 732 2560 εἷς
749 2482 804 2549 τὸν
817 2487 951 2566 πόλεμον
964 2488 1174 2571 καταστῆναι,
1194 2491 1244 2563 τίς
1259 2487 1392 2551 ῦπολεί-

309 2581 396 2648 mosao
417 2581 498 2665 μετὰ
518 2584 577 2649 σοῦ
590 2584 768 2668 ’προσδοκία
788 2583 904 2646 δεινοῦ·
922 2587 1013 2648 τοῦτο
1031 2582 1091 2669 γάρ
1109 2584 1192 2667 ’ἡμῖν
1208 2586 1283 2666 περὶ
1300 2583 1391 2649 πλεί-

309 2707 385 2749 στου
409 2690 577 2747 σκοπεῖται,
605 2682 675 2745 ε’πιί
705 2681 733 2744 d'
760 2678 804 2757 ῶς
829 2675 1009 2765 η’κοάσὰμεν
1032 2688 1086 2767 τῆς
1111 2686 1157 2758 εἰς
1175 2682 1228 2749 τὸν
1252 2683 1390 2767 βασιλέα

381 2822 420 2875 18.
440 2822 482 2873 Ita
502 2820 557 2874 ΕΙ).
575 2822 603 2875 P.
619 2836 670 2893 pro
687 2819 891 2894 ἐφθεγξάμεθα
905 2818 1070 2927 {descripsero

308 2942 400 2992 nietis.
435 2938 476 2992 Ne
495 2956 558 2993 vero
573 2940 757 3007 arbitremini,
783 2949 830 2994 aut
844 2940 915 2995 banc
929 2941 1126 3010 separationem
1141 2939 1278 2993 mibinon
1294 2939 1390 2991 mole*

308 3018 376 3061 stam
391 3010 525 3074 accidere,
549 3020 597 3063 aut
612 3028 676 3077 vos,
693 3028 743 3065 ceu
759 3010 881 3064 homines
895 3014 975 3064 nauci
993 3030 1008 3064 a
1022 3029 1066 3062 me
1081 3012 1158 3063 reiici
1177 3012 1387 3079 inpraesentia.

308 3082 347 3133 Ex
370 3098 424 3151 quo
451 3081 524 3132 enim
551 3080 624 3133 hune
648 3082 799 3134 sermonem
821 3100 896 3133 orsus
911 3099 984 3145 sum,
1011 3082 1222 3150 excogitatione
1245 3080 1388 3131 distracti-

308 3151 366 3202 onis
384 3159 492 3203 nostrae
511 3150 651 3203 doloribus
668 3152 763 3205 multis
780 3153 929 3203 cumulatus
948 3160 990 3203 est
1008 3150 1077 3203 mihi
1095 3152 1217 3211 animus,
1243 3158 1272 3200 et
1289 3166 1333 3200 me
1354 3152 1388 3202 in

306 3228 444 3289 posterum
458 3221 544 3289 plura,
567 3229 596 3271 et
606 3221 792 3273 vehementius
804 3220 953 3273 doliturum
967 3222 1033 3284 scio,
1051 3219 1236 3289 sedquoniam
1249 3236 1291 3270 res
1301 3220 1389 3273 aliter

308 3290 365 3341 lieri
393 3302 448 3343 non
476 3290 580 3357 potuit,
608 3289 749 3341 serendum
777 3298 849 3342 erat:
882 3308 944 3360 ergo
966 3292 1008 3355 si,
1032 3299 1064 3341 ut
1081 3289 1221 3352 dicebam,
1244 3297 1389 3358 antegres-

308 3360 344 3409 sis
363 3358 573 3429 cogitationibus
590 3360 762 3423 insistenter,
788 3360 867 3411 saluti
887 3368 993 3411 nostrae
1010 3361 1181 3429 prospicere,
1211 3367 1239 3409 et
1255 3359 1387 3410 adversus

308 3442 387 3477 avum
404 3429 474 3480 nihil
491 3431 683 3481 inconveniens
694 3430 819 3481 meditari
828 3430 1012 3491 institueritis,
1029 3430 1109 3480 rebus
1125 3429 1238 3498 agundis
1256 3430 1387 3479 comitem

307 3512 350 3547 me
368 3498 527 3564 profitebere
553 3500 595 3549 sin
611 3499 665 3549 alla
676 3498 754 3551 vobis
769 3517 859 3562 mens,
884 3497 937 3550 boc
950 3516 1034 3550 unnm
1049 3501 1230 3569 relinquitur,
1252 3507 1284 3549 ut
1295 3500 1387 3550 multa

307 3564 379 3616 bona
398 3567 433 3618 ob
453 3576 568 3619 vestram
591 3569 621 3620 in
645 3584 689 3620 me
712 3570 931 3621 benevolentiam
952 3570 1030 3621 vobis
1047 3588 1063 3619 a
1081 3571 1138 3621 Deo
1157 3576 1296 3637 precatus,
1321 3571 1386 3635 ipsc

306 3634 374 3685 mibi
389 3634 424 3687 ad
438 3640 584 3689 utilitatem
597 3654 683 3690 meam
693 3656 801 3707 promus
815 3637 917 3690 condus
930 3640 999 3689 iiam.
1035 3640 1085 3690 llis
1099 3638 1197 3690 auditis
1213 3640 1255 3689 illi
1271 3638 1319 3689 diu
1334 3640 1385 3688 in-

306 3712 349 3755 ter
366 3722 394 3756 se
412 3706 566 3772 adspicere,
587 3717 615 3760 et
633 3707 759 3760 admirari
778 3709 916 3777 ingenium
934 3708 1056 3771 iuvenis,
1075 3708 1143 3759 adeo
1161 3707 1195 3759 ad
1211 3708 1385 3760 honestatem

307 3776 465 3842 grassantis,
495 3784 525 3827 ut
542 3776 576 3827 de
594 3776 699 3847 pudore
725 3786 753 3831 et
771 3779 920 3830 reverentia
939 3796 1001 3862 erpa
1019 3795 1097 3829 avum
1114 3777 1186 3830 nibil
1203 3776 1385 3829 diminueret:

306 3846 428 3963 φρταπιτίι
448 3844 496 3896 ille
509 3846 597 3899 tristia
611 3848 695 3899 mults
712 3849 889 3901 remetiretur.
927 3848 998 3899 Desn
1015 3856 1194 3916 protostrator
1209 3848 1249 3899 sic
1265 3848 1384 3914 incipit:

333 3932 379 3976 os,
406 3916 563 3982 imperator,
589 3916 622 3967 de
648 3920 702 3969 tuis
724 3928 805 3988 atque
828 3919 927 3969 nostris
948 3916 1094 3969 commodis
1111 3918 1332 3987 sollieiti‚·quse
1348 3932 1385 3969 eo

306 3983 394 4034 iacere
407 3983 582 4051 putabamus,
601 3984 800 4040 edisseruimus.
837 3987 919 4057 Quod
929 3995 1019 4039 sutem
1033 3988 1067 4038 de
1079 4005 1129 4041 avo
1141 3986 1333 4049 consuluimus,
1352 3987 1386 4039 in

307 4069 340 4103 eo
355 4070 410 4105 non
426 4054 479 4106 hoe
495 4072 578 4105 unum
597 4059 791 4123 spectavimus,
816 4065 848 4109 ut
861 4059 931 4108 malo
944 4058 1117 4109 multaretur:
1141 4073 1233 4118 verum
1246 4064 1277 4107 ut
1292 4074 1328 4107 ne
1343 4056 1383 4108 ad

307 4120 409 4173 bellum
424 4133 545 4191 apertum
556 4126 702 4189 veniretur,
720 4136 823 4198 tuoque
841 4128 925 4194 capiti
939 4143 1014 4177 casus
1035 4128 1134 4197 aliquis
1153 4126 1256 4196 gravior
1272 4125 1384 4193 impen-

307 4192 399 4245 deret:
420 4192 447 4245 id
461 4195 533 4245 enim
548 4202 597 4256 est,
617 4196 823 4264 quodomnium
836 4198 947 4246 minime
964 4198 1083 4249 velimus.
1120 4198 1154 4248 tt
1171 4212 1230 4247 eum
1247 4196 1382 4246 securita-

209 4328 212 4335 ⁴
305 4268 361 4314 tens
379 4262 565 4336 honoremque
582 4267 625 4318 avi
642 4273 705 4320 tuse
722 4267 807 4320 saluti
822 4266 1058 4338 incolumitatique
1078 4267 1224 4338 praeferas,
1245 4264 1319 4336 qnod
1334 4264 1382 4317 in-
