<?xml version="1.0" encoding="UTF-8"?>
<!DOCTYPE html PUBLIC "-//W3C//DTD XHTML 1.0 Transitional//EN"
    "http://www.w3.org/TR/xhtml1/DTD/xhtml1-transitional.dtd">
<html xmlns="http://www.w3.org/1999/xhtml" xml:lang="en" lang="en">
 <head>
  <title>
</title>
<meta http-equiv="Content-Type" content="text/html;charset=utf-8" />
  <meta name='ocr-system' content='tesseract 3.04.00' />
  <meta name='ocr-capabilities' content='ocr_page ocr_carea ocr_par ocr_line ocrx_word'/>
</head>
<body>
  <div class='ocr_page' id='page_1' title='image "./corpusscriptoru32theogoog/corpusscriptoru32theogoog_0382.png"; bbox 0 0 3025 4900; ppageno 0'>
   <div class='ocr_carea' id='block_1_1' title="bbox 340 353 1023 444">
    <p class='ocr_par' dir='ltr' id='par_1_1' title="bbox 340 353 1023 444">
     <span class='ocr_line' id='line_1_1' title="bbox 340 353 1023 444; baseline -0.001 -3"><span class='ocrx_word' id='word_1_1' title='bbox 340 353 424 441; x_wconf 81' lang='grc'><strong>338</strong></span> <span class='ocrx_word' id='word_1_2' title='bbox 744 377 1023 444; x_wconf 75' lang='lat' dir='ltr'><strong>caurauuzeur</strong></span> 
     </span>
    </p>
   </div>
   <div class='ocr_carea' id='block_1_2' title="bbox 191 527 1452 2984">
    <p class='ocr_par' dir='ltr' id='par_1_2' title="bbox 191 527 1452 2984">
     <span class='ocr_line' id='line_1_2' title="bbox 191 527 1416 616; baseline -0.001 -19"><span class='ocrx_word' id='word_1_3' title='bbox 191 541 427 616; x_wconf 64' lang='grc' dir='ltr'><strong><em>λαιδιθτινσς,</em></strong></span> <span class='ocrx_word' id='word_1_4' title='bbox 453 535 495 598; x_wconf 80' lang='grc' dir='ltr'><strong>δι’</strong></span> <span class='ocrx_word' id='word_1_5' title='bbox 515 527 631 597; x_wconf 77' lang='grc' dir='ltr'><strong><em>ἑαυτοῦ</em></strong></span> <span class='ocrx_word' id='word_1_6' title='bbox 651 531 708 595; x_wconf 81' lang='grc' dir='ltr'><strong><em>τοὺ</em></strong></span> <span class='ocrx_word' id='word_1_7' title='bbox 727 528 866 615; x_wconf 79' lang='grc' dir='ltr'><strong><em>μεγάλω</em></strong></span> <span class='ocrx_word' id='word_1_8' title='bbox 887 527 1071 612; x_wconf 77' lang='grc' dir='ltr'><strong><em>δομεστίιὲου</em></strong></span> <span class='ocrx_word' id='word_1_9' title='bbox 1090 529 1331 606; x_wconf 69' lang='grc' dir='ltr'><strong><em>ἐπιστατοῦντος</em></strong></span> <span class='ocrx_word' id='word_1_10' title='bbox 1350 531 1416 596; x_wconf 71' lang='lat' dir='ltr'><strong>diss</strong></span> 
     </span>
     <span class='ocr_line' id='line_1_3' title="bbox 234 621 1417 717; baseline -0.003 -19"><span class='ocrx_word' id='word_1_11' title='bbox 234 625 238 634; x_wconf 55' lang='lat'>¹</span> <span class='ocrx_word' id='word_1_12' title='bbox 335 635 393 698; x_wconf 79' lang='grc' dir='ltr'><strong><em>τοῦ</em></strong></span> <span class='ocrx_word' id='word_1_13' title='bbox 414 631 459 716; x_wconf 73' lang='grc' dir='ltr'><strong><em>μή</em></strong></span> <span class='ocrx_word' id='word_1_14' title='bbox 480 631 593 696; x_wconf 85' lang='grc' dir='ltr'><strong><em>τιτῶν</em></strong></span> <span class='ocrx_word' id='word_1_15' title='bbox 613 627 657 714; x_wconf 74' lang='grc' dir='ltr'><strong><em>μή</em></strong></span> <span class='ocrx_word' id='word_1_16' title='bbox 678 626 895 714; x_wconf 74' lang='grc' dir='ltr'><strong><em>προσηκόντων</em></strong></span> <span class='ocrx_word' id='word_1_17' title='bbox 912 632 1060 712; x_wconf 77' lang='grc' dir='ltr'><strong><em>γενέσθαι</em></strong></span> <span class='ocrx_word' id='word_1_18' title='bbox 1087 621 1110 713; x_wconf 79' lang='grc' dir='ltr'><em>ἢ</em></span> <span class='ocrx_word' id='word_1_19' title='bbox 1135 629 1188 692; x_wconf 81' lang='grc' dir='ltr'><strong>διά</strong></span> <span class='ocrx_word' id='word_1_20' title='bbox 1210 623 1417 717; x_wconf 77' lang='grc' dir='ltr'><strong><em>ρηθυμίανῆ</em></strong></span> 
     </span>
     <span class='ocr_line' id='line_1_4' title="bbox 234 723 1415 813; baseline 0 -23"><span class='ocrx_word' id='word_1_21' title='bbox 234 727 386 796; x_wconf 70' lang='lat' dir='ltr'><strong>Moscius*</strong></span> <span class='ocrx_word' id='word_1_22' title='bbox 408 725 576 794; x_wconf 83' lang='grc' dir='ltr'><strong><em>κακόνοιαν</em></strong></span> <span class='ocrx_word' id='word_1_23' title='bbox 595 729 659 793; x_wconf 84' lang='grc' dir='ltr'><strong>τῶν</strong></span> <span class='ocrx_word' id='word_1_24' title='bbox 679 727 965 813; x_wconf 71' lang='grc' dir='ltr'><strong><em>ἐπιτετραμμένον,</em></strong></span> <span class='ocrx_word' id='word_1_25' title='bbox 997 725 1053 791; x_wconf 78' lang='grc' dir='ltr'><strong><em>καὶ</em></strong></span> <span class='ocrx_word' id='word_1_26' title='bbox 1082 725 1120 790; x_wconf 76' lang='lat' dir='ltr'><strong>osi</strong></span> <span class='ocrx_word' id='word_1_27' title='bbox 1139 723 1252 812; x_wconf 83' lang='grc' dir='ltr'><strong><em>μικρόν</em></strong></span> <span class='ocrx_word' id='word_1_28' title='bbox 1269 751 1339 790; x_wconf 89' lang='grc' dir='ltr'><strong><em>τινα</em></strong></span> <span class='ocrx_word' id='word_1_29' title='bbox 1359 727 1415 790; x_wconf 81' lang='grc' dir='ltr'><strong>διά</strong></span> 
     </span>
     <span class='ocr_line' id='line_1_5' title="bbox 330 820 1415 910; baseline -0.004 -17"><span class='ocrx_word' id='word_1_30' title='bbox 330 829 428 894; x_wconf 76' lang='grc' dir='ltr'><strong><em>ταῦτα</em></strong></span> <span class='ocrx_word' id='word_1_31' title='bbox 450 825 504 891; x_wconf 85' lang='grc' dir='ltr'><strong>τόν</strong></span> <span class='ocrx_word' id='word_1_32' title='bbox 524 823 618 892; x_wconf 90' lang='grc' dir='ltr'><strong><em>πόνον</em></strong></span> <span class='ocrx_word' id='word_1_33' title='bbox 639 823 868 910; x_wconf 81' lang='grc' dir='ltr'><strong><em>ὑφισταμένου,</em></strong></span> <span class='ocrx_word' id='word_1_34' title='bbox 889 820 975 905; x_wconf 85' lang='grc' dir='ltr'><strong><em>όμως</em></strong></span> <span class='ocrx_word' id='word_1_35' title='bbox 997 823 1170 908; x_wconf 74' lang='grc' dir='ltr'><strong><em>ἀναγκαίαν</em></strong></span> <span class='ocrx_word' id='word_1_36' title='bbox 1189 822 1247 910; x_wconf 72' lang='grc' dir='ltr'><strong>τὴν</strong></span> <span class='ocrx_word' id='word_1_37' title='bbox 1263 821 1415 908; x_wconf 89' lang='grc' dir='ltr'><strong><em>πρόνοιαν</em></strong></span> 
     </span>
     <span class='ocr_line' id='line_1_6' title="bbox 292 919 1433 1010; baseline -0.004 -21"><span class='ocrx_word' id='word_1_38' title='bbox 292 986 297 1002; x_wconf 76' lang='grc'><strong><em>,</em></strong></span> <span class='ocrx_word' id='word_1_39' title='bbox 330 927 386 989; x_wconf 72' lang='grc' dir='ltr'><strong><em>κατ’</em></strong></span> <span class='ocrx_word' id='word_1_40' title='bbox 403 921 461 1009; x_wconf 70' lang='grc' dir='ltr'><strong>τόν</strong></span> <span class='ocrx_word' id='word_1_41' title='bbox 480 920 534 989; x_wconf 78' lang='grc' dir='ltr'><strong>ἐπί</strong></span> <span class='ocrx_word' id='word_1_42' title='bbox 550 926 629 988; x_wconf 89' lang='grc' dir='ltr'><strong><em>πάσι</em></strong></span> <span class='ocrx_word' id='word_1_43' title='bbox 648 921 803 1010; x_wconf 79' lang='grc' dir='ltr'><strong><em>φροντίδα</em></strong></span> <span class='ocrx_word' id='word_1_44' title='bbox 823 923 1019 1004; x_wconf 71' lang='grc' dir='ltr'><strong><em>λογιζομένου</em></strong></span> <span class='ocrx_word' id='word_1_45' title='bbox 1041 920 1096 986; x_wconf 77' lang='grc' dir='ltr'><strong><em>καὶ</em></strong></span> <span class='ocrx_word' id='word_1_46' title='bbox 1113 924 1262 1008; x_wconf 86' lang='grc' dir='ltr'><strong><em>φέροντος</em></strong></span> <span class='ocrx_word' id='word_1_47' title='bbox 1280 919 1335 986; x_wconf 88' lang='grc' dir='ltr'><strong>τόν</strong></span> <span class='ocrx_word' id='word_1_48' title='bbox 1354 921 1433 998; x_wconf 74' lang='grc' dir='ltr'><strong><em>νεά-5</em></strong></span> 
     </span>
     <span class='ocr_line' id='line_1_7' title="bbox 328 1017 1416 1108; baseline -0.003 -21"><span class='ocrx_word' id='word_1_49' title='bbox 328 1044 429 1106; x_wconf 90' lang='grc' dir='ltr'><strong><em>ματον</em></strong></span> <span class='ocrx_word' id='word_1_50' title='bbox 453 1025 543 1108; x_wconf 81' lang='grc' dir='ltr'><strong><em>σιγῇ,</em></strong></span> <span class='ocrx_word' id='word_1_51' title='bbox 578 1017 651 1085; x_wconf 91' lang='grc' dir='ltr'><strong><em>τότε</em></strong></span> <span class='ocrx_word' id='word_1_52' title='bbox 683 1023 718 1086; x_wconf 80' lang='grc' dir='ltr'><strong>δὲ</strong></span> <span class='ocrx_word' id='word_1_53' title='bbox 737 1022 802 1084; x_wconf 88' lang='grc' dir='ltr'><strong>τῶν</strong></span> <span class='ocrx_word' id='word_1_54' title='bbox 822 1017 987 1106; x_wconf 76' lang='grc' dir='ltr'><strong><em>ἐμφυλίων</em></strong></span> <span class='ocrx_word' id='word_1_55' title='bbox 1015 1023 1159 1102; x_wconf 84' lang='grc' dir='ltr'><strong><em>πολέμων</em></strong></span> <span class='ocrx_word' id='word_1_56' title='bbox 1179 1021 1338 1084; x_wconf 71' lang='grc' dir='ltr'><strong><em>λυθέντων</em></strong></span> <span class='ocrx_word' id='word_1_57' title='bbox 1357 1018 1416 1084; x_wconf 79' lang='grc' dir='ltr'><strong><em>καὶ</em></strong></span> 
     </span>
     <span class='ocr_line' id='line_1_8' title="bbox 328 1115 1416 1201; baseline -0.004 -17"><span class='ocrx_word' id='word_1_58' title='bbox 328 1119 536 1201; x_wconf 82' lang='grc' dir='ltr'><strong><em>πεπαυμένων</em></strong></span> <span class='ocrx_word' id='word_1_59' title='bbox 557 1119 620 1184; x_wconf 86' lang='grc' dir='ltr'><strong>τῶν</strong></span> <span class='ocrx_word' id='word_1_60' title='bbox 640 1119 815 1200; x_wconf 79' lang='grc' dir='ltr'><strong><em>ἐπιβουλῶν</em></strong></span> <span class='ocrx_word' id='word_1_61' title='bbox 834 1120 890 1182; x_wconf 76' lang='grc' dir='ltr'><strong><em>καί</em></strong></span> <span class='ocrx_word' id='word_1_62' title='bbox 907 1117 1073 1200; x_wconf 77' lang='grc' dir='ltr'><strong><em>ὑπονοιῶν,</em></strong></span> <span class='ocrx_word' id='word_1_63' title='bbox 1090 1115 1171 1201; x_wconf 79' lang='grc' dir='ltr'><strong><em>ἔγνω</em></strong></span> <span class='ocrx_word' id='word_1_64' title='bbox 1191 1119 1258 1182; x_wconf 72' lang='lat' dir='ltr'><strong>deis</strong></span> <span class='ocrx_word' id='word_1_65' title='bbox 1277 1120 1331 1182; x_wconf 76' lang='grc' dir='ltr'><strong><em>κατ’</em></strong></span> <span class='ocrx_word' id='word_1_66' title='bbox 1350 1116 1416 1180; x_wconf 79' lang='grc' dir='ltr'><strong><em>αὑ-</em></strong></span> 
     </span>
     <span class='ocr_line' id='line_1_9' title="bbox 327 1211 1414 1302; baseline -0.002 -22"><span class='ocrx_word' id='word_1_67' title='bbox 327 1218 381 1293; x_wconf 89' lang='grc' dir='ltr'><strong>τάς</strong></span> <span class='ocrx_word' id='word_1_68' title='bbox 400 1220 463 1282; x_wconf 84' lang='grc' dir='ltr'><strong>τῶν</strong></span> <span class='ocrx_word' id='word_1_69' title='bbox 484 1215 587 1283; x_wconf 87' lang='grc' dir='ltr'><strong><em>πόνων</em></strong></span> <span class='ocrx_word' id='word_1_70' title='bbox 607 1211 719 1280; x_wconf 75' lang='grc' dir='ltr'><strong><em>ἔαυτόν</em></strong></span> <span class='ocrx_word' id='word_1_71' title='bbox 740 1213 861 1282; x_wconf 83' lang='grc' dir='ltr'><strong><em>άνεῖναι</em></strong></span> <span class='ocrx_word' id='word_1_72' title='bbox 879 1215 1012 1302; x_wconf 87' lang='grc' dir='ltr'><strong><em>μικρόν.</em></strong></span> <span class='ocrx_word' id='word_1_73' title='bbox 1046 1217 1101 1280; x_wconf 81' lang='grc' dir='ltr'><strong><em>καί</em></strong></span> <span class='ocrx_word' id='word_1_74' title='bbox 1126 1219 1258 1296; x_wconf 74' lang='grc' dir='ltr'><strong><em>βασιλεῖ</em></strong></span> <span class='ocrx_word' id='word_1_75' title='bbox 1278 1219 1414 1301; x_wconf 85' lang='grc' dir='ltr'><strong><em>προσελ-</em></strong></span> 
     </span>
     <span class='ocr_line' id='line_1_10' title="bbox 325 1310 1414 1403; baseline -0.002 -23"><span class='ocrx_word' id='word_1_76' title='bbox 325 1314 404 1400; x_wconf 65' lang='lat' dir='ltr'><strong>dds,</strong></span> <span class='ocrx_word' id='word_1_77' title='bbox 425 1315 480 1382; x_wconf 90' lang='grc' dir='ltr'><strong>τόν</strong></span> <span class='ocrx_word' id='word_1_78' title='bbox 499 1337 535 1380; x_wconf 91' lang='grc' dir='ltr'><strong>τε</strong></span> <span class='ocrx_word' id='word_1_79' title='bbox 554 1315 608 1380; x_wconf 71' lang='lat' dir='ltr'><strong>snt</strong></span> <span class='ocrx_word' id='word_1_80' title='bbox 627 1317 684 1379; x_wconf 84' lang='grc' dir='ltr'><strong><em>τοὺ</em></strong></span> <span class='ocrx_word' id='word_1_81' title='bbox 702 1315 854 1403; x_wconf 87' lang='grc' dir='ltr'><strong><em>προτέρου</em></strong></span> <span class='ocrx_word' id='word_1_82' title='bbox 872 1313 988 1401; x_wconf 85' lang='grc' dir='ltr'><strong><em>χρόνου</em></strong></span> <span class='ocrx_word' id='word_1_83' title='bbox 1009 1311 1089 1401; x_wconf 89' lang='grc' dir='ltr'><strong><em>πρός</em></strong></span> <span class='ocrx_word' id='word_1_84' title='bbox 1107 1310 1164 1397; x_wconf 75' lang='grc' dir='ltr'><strong>τὴν</strong></span> <span class='ocrx_word' id='word_1_85' title='bbox 1179 1312 1332 1398; x_wconf 82' lang='grc' dir='ltr'><strong><em>άιοάιησιν</em></strong></span> <span class='ocrx_word' id='word_1_86' title='bbox 1345 1317 1414 1378; x_wconf 82' lang='grc' dir='ltr'><strong>τῶν</strong></span> 
     </span>
     <span class='ocr_line' id='line_1_11' title="bbox 326 1403 1452 1501; baseline -0.004 -22"><span class='ocrx_word' id='word_1_87' title='bbox 326 1418 518 1501; x_wconf 80' lang='grc' dir='ltr'><strong><em>πραγμάτων</em></strong></span> <span class='ocrx_word' id='word_1_88' title='bbox 539 1416 674 1499; x_wconf 76' lang='grc' dir='ltr'><strong><em>διηγεῖτο</em></strong></span> <span class='ocrx_word' id='word_1_89' title='bbox 695 1411 788 1478; x_wconf 85' lang='grc' dir='ltr'><strong><em>πόνον</em></strong></span> <span class='ocrx_word' id='word_1_90' title='bbox 806 1411 862 1478; x_wconf 75' lang='grc' dir='ltr'><strong><em>καὶ</em></strong></span> <span class='ocrx_word' id='word_1_91' title='bbox 879 1411 931 1494; x_wconf 84' lang='grc' dir='ltr'><strong><em>ῶς,</em></strong></span> <span class='ocrx_word' id='word_1_92' title='bbox 951 1415 1014 1480; x_wconf 83' lang='grc' dir='ltr'><strong>τῶν</strong></span> <span class='ocrx_word' id='word_1_93' title='bbox 1033 1411 1198 1499; x_wconf 76' lang='grc' dir='ltr'><strong><em>ἐμφυλίων</em></strong></span> <span class='ocrx_word' id='word_1_94' title='bbox 1218 1415 1322 1477; x_wconf 81' lang='grc' dir='ltr'><strong><em>κανῶν</em></strong></span> <span class='ocrx_word' id='word_1_95' title='bbox 1346 1403 1452 1496; x_wconf 58' lang='lat' dir='ltr'><strong>lem„</strong></span> 
     </span>
     <span class='ocr_line' id='line_1_12' title="bbox 327 1503 1412 1596; baseline -0.001 -20"><span class='ocrx_word' id='word_1_96' title='bbox 327 1515 532 1594; x_wconf 81' lang='grc' dir='ltr'><strong><em>πεπαυμένων</em></strong></span> <span class='ocrx_word' id='word_1_97' title='bbox 546 1515 602 1576; x_wconf 77' lang='grc' dir='ltr'><strong><em>καί</em></strong></span> <span class='ocrx_word' id='word_1_98' title='bbox 621 1511 762 1594; x_wconf 78' lang='grc' dir='ltr'><strong><em>ὑποψίας</em></strong></span> <span class='ocrx_word' id='word_1_99' title='bbox 782 1503 878 1596; x_wconf 79' lang='grc' dir='ltr'><strong><em>οὑσης</em></strong></span> <span class='ocrx_word' id='word_1_100' title='bbox 895 1510 1054 1592; x_wconf 80' lang='grc' dir='ltr'><strong><em>οὑάεμῶς,</em></strong></span> <span class='ocrx_word' id='word_1_101' title='bbox 1076 1513 1148 1575; x_wconf 84' lang='grc' dir='ltr'><strong><em>όέον</em></strong></span> <span class='ocrx_word' id='word_1_102' title='bbox 1166 1505 1317 1594; x_wconf 87' lang='grc' dir='ltr'><strong><em>πρόνοιάν</em></strong></span> <span class='ocrx_word' id='word_1_103' title='bbox 1336 1534 1412 1575; x_wconf 86' lang='grc' dir='ltr'><strong><em>τινα</em></strong></span> 
     </span>
     <span class='ocr_line' id='line_1_13' title="bbox 299 1604 1413 1696; baseline -0.004 -18"><span class='ocrx_word' id='word_1_104' title='bbox 299 1608 522 1694; x_wconf 71' lang='grc' dir='ltr'><strong><em>Βποιὴσαοθαι</em></strong></span> <span class='ocrx_word' id='word_1_105' title='bbox 544 1607 626 1675; x_wconf 74' lang='lat' dir='ltr'><strong>durs</strong></span> <span class='ocrx_word' id='word_1_106' title='bbox 646 1611 686 1674; x_wconf 88' lang='grc' dir='ltr'><strong><em>τά</em></strong></span> <span class='ocrx_word' id='word_1_107' title='bbox 707 1632 742 1673; x_wconf 85' lang='grc' dir='ltr'><strong>τε</strong></span> <span class='ocrx_word' id='word_1_108' title='bbox 762 1607 931 1696; x_wconf 90' lang='grc' dir='ltr'><strong><em>πράγματα</em></strong></span> <span class='ocrx_word' id='word_1_109' title='bbox 949 1604 1054 1695; x_wconf 85' lang='grc' dir='ltr'><strong><em>ῶσπερ</em></strong></span> <span class='ocrx_word' id='word_1_110' title='bbox 1075 1607 1226 1694; x_wconf 89' lang='grc' dir='ltr'><strong><em>πρότερον</em></strong></span> <span class='ocrx_word' id='word_1_111' title='bbox 1239 1610 1341 1684; x_wconf 81' lang='grc' dir='ltr'><strong><em>καλῶς</em></strong></span> <span class='ocrx_word' id='word_1_112' title='bbox 1355 1607 1413 1674; x_wconf 70' lang='grc' dir='ltr'><strong><em>κατ’</em></strong></span> 
     </span>
     <span class='ocr_line' id='line_1_14' title="bbox 220 1702 1410 1792; baseline 0 -18"><span class='ocrx_word' id='word_1_113' title='bbox 220 1719 253 1774; x_wconf 76' lang='lat' dir='ltr'><strong>V.</strong></span> <span class='ocrx_word' id='word_1_114' title='bbox 270 1708 371 1784; x_wconf 74' lang='grc' dir='ltr'><strong><em>ισειός</em></strong></span> <span class='ocrx_word' id='word_1_115' title='bbox 392 1710 461 1774; x_wconf 88' lang='grc' dir='ltr'><strong>όέὀν</strong></span> <span class='ocrx_word' id='word_1_116' title='bbox 483 1711 688 1792; x_wconf 77' lang='grc' dir='ltr'><strong><em>διοικεῖσθαι,</em></strong></span> <span class='ocrx_word' id='word_1_117' title='bbox 722 1707 778 1773; x_wconf 75' lang='grc' dir='ltr'><strong><em>κατ’</em></strong></span> <span class='ocrx_word' id='word_1_118' title='bbox 809 1702 907 1772; x_wconf 82' lang='grc' dir='ltr'><strong><em>αὑτόν</em></strong></span> <span class='ocrx_word' id='word_1_119' title='bbox 927 1707 1111 1790; x_wconf 88' lang='grc' dir='ltr'><strong><em>άναπαόλης</em></strong></span> <span class='ocrx_word' id='word_1_120' title='bbox 1130 1705 1212 1783; x_wconf 89' lang='grc' dir='ltr'><strong><em>τινός</em></strong></span> <span class='ocrx_word' id='word_1_121' title='bbox 1230 1705 1410 1790; x_wconf 77' lang='grc' dir='ltr'><strong><em>τυγχάνειν.</em></strong></span> 
     </span>
     <span class='ocr_line' id='line_1_15' title="bbox 324 1801 1410 1892; baseline -0.003 -21"><span class='ocrx_word' id='word_1_122' title='bbox 324 1810 418 1872; x_wconf 77' lang='grc' dir='ltr'><strong><em>τοῦτο</em></strong></span> <span class='ocrx_word' id='word_1_123' title='bbox 438 1808 474 1874; x_wconf 76' lang='grc' dir='ltr'><strong>δὲ</strong></span> <span class='ocrx_word' id='word_1_124' title='bbox 493 1809 603 1892; x_wconf 62' lang='grc' dir='ltr'><strong><em>γένοιτ’</em></strong></span> <span class='ocrx_word' id='word_1_125' title='bbox 624 1801 674 1888; x_wconf 77' lang='lat' dir='ltr'><strong>riv,</strong></span> <span class='ocrx_word' id='word_1_126' title='bbox 695 1807 725 1871; x_wconf 84' lang='grc' dir='ltr'><strong><em>εἰ</em></strong></span> <span class='ocrx_word' id='word_1_127' title='bbox 744 1807 802 1892; x_wconf 77' lang='grc' dir='ltr'><strong>την</strong></span> <span class='ocrx_word' id='word_1_128' title='bbox 821 1829 856 1870; x_wconf 92' lang='grc' dir='ltr'><strong>τε</strong></span> <span class='ocrx_word' id='word_1_129' title='bbox 870 1807 935 1871; x_wconf 86' lang='grc' dir='ltr'><strong>τῶν</strong></span> <span class='ocrx_word' id='word_1_130' title='bbox 948 1807 1119 1888; x_wconf 78' lang='grc' dir='ltr'><strong><em>βασιλικῶν</em></strong></span> <span class='ocrx_word' id='word_1_131' title='bbox 1134 1803 1326 1890; x_wconf 76' lang='grc' dir='ltr'><strong><em>γραμμάτων</em></strong></span> <span class='ocrx_word' id='word_1_132' title='bbox 1338 1806 1410 1871; x_wconf 76' lang='grc' dir='ltr'><strong><em>ἐπι-</em></strong></span> 
     </span>
     <span class='ocr_line' id='line_1_16' title="bbox 324 1902 1447 1990; baseline 0.001 -20"><span class='ocrx_word' id='word_1_133' title='bbox 324 1905 458 1970; x_wconf 87' lang='grc' dir='ltr'><strong><em>στασίαν</em></strong></span> <span class='ocrx_word' id='word_1_134' title='bbox 478 1903 533 1968; x_wconf 77' lang='grc' dir='ltr'><strong><em>καὶ</em></strong></span> <span class='ocrx_word' id='word_1_135' title='bbox 552 1902 609 1990; x_wconf 74' lang='grc' dir='ltr'><strong>την</strong></span> <span class='ocrx_word' id='word_1_136' title='bbox 629 1903 684 1970; x_wconf 70' lang='lat' dir='ltr'><strong>ent</strong></span> <span class='ocrx_word' id='word_1_137' title='bbox 701 1907 762 1969; x_wconf 84' lang='grc' dir='ltr'><strong><em>τοὺ</em></strong></span> <span class='ocrx_word' id='word_1_138' title='bbox 780 1906 844 1970; x_wconf 89' lang='grc' dir='ltr'><strong>τῶν</strong></span> <span class='ocrx_word' id='word_1_139' title='bbox 869 1905 1041 1986; x_wconf 67' lang='grc' dir='ltr'><strong><em>βασιλικῶν</em></strong></span> <span class='ocrx_word' id='word_1_140' title='bbox 1059 1904 1231 1989; x_wconf 78' lang='grc' dir='ltr'><strong><em>χρημάτων</em></strong></span> <span class='ocrx_word' id='word_1_141' title='bbox 1251 1905 1447 1986; x_wconf 68' lang='grc' dir='ltr'><strong><em>ταμιεάνυμὸ</em></strong></span> 
     </span>
     <span class='ocr_line' id='line_1_17' title="bbox 323 1998 1408 2088; baseline -0.003 -20"><span class='ocrx_word' id='word_1_142' title='bbox 323 1998 373 2068; x_wconf 78' lang='grc' dir='ltr'><strong><em>ἔτι</em></strong></span> <span class='ocrx_word' id='word_1_143' title='bbox 401 2005 436 2068; x_wconf 78' lang='grc' dir='ltr'><strong>δὲ</strong></span> <span class='ocrx_word' id='word_1_144' title='bbox 456 2005 511 2068; x_wconf 72' lang='grc' dir='ltr'><strong><em>κατ’</em></strong></span> <span class='ocrx_word' id='word_1_145' title='bbox 537 2000 595 2086; x_wconf 77' lang='grc' dir='ltr'><strong>τὴν</strong></span> <span class='ocrx_word' id='word_1_146' title='bbox 621 2003 676 2068; x_wconf 74' lang='lat' dir='ltr'><strong>tut</strong></span> <span class='ocrx_word' id='word_1_147' title='bbox 694 2005 756 2068; x_wconf 83' lang='grc' dir='ltr'><strong>τῶν</strong></span> <span class='ocrx_word' id='word_1_148' title='bbox 785 2000 1036 2088; x_wconf 80' lang='grc' dir='ltr'><strong><em>εἰσπραττόντων</em></strong></span> <span class='ocrx_word' id='word_1_149' title='bbox 1054 1999 1131 2077; x_wconf 85' lang='grc' dir='ltr'><strong><em>τοάς</em></strong></span> <span class='ocrx_word' id='word_1_150' title='bbox 1150 2003 1321 2086; x_wconf 75' lang='grc' dir='ltr'><strong><em>δημοσίους</em></strong></span> <span class='ocrx_word' id='word_1_151' title='bbox 1344 1998 1408 2088; x_wconf 90' lang='grc' dir='ltr'><strong>φό-</strong></span> 
     </span>
     <span class='ocr_line' id='line_1_18' title="bbox 326 2094 1409 2189; baseline -0.001 -26"><span class='ocrx_word' id='word_1_152' title='bbox 326 2121 402 2185; x_wconf 85' lang='grc' dir='ltr'><strong><em>ρους</em></strong></span> <span class='ocrx_word' id='word_1_153' title='bbox 431 2098 562 2184; x_wconf 78' lang='grc' dir='ltr'><strong><em>άναθείη</em></strong></span> <span class='ocrx_word' id='word_1_154' title='bbox 591 2095 687 2189; x_wconf 72' lang='grc' dir='ltr'><strong><em>ἑτέρῳ</em></strong></span> <span class='ocrx_word' id='word_1_155' title='bbox 707 2098 786 2181; x_wconf 76' lang='grc' dir='ltr'><strong><em>τινί,</em></strong></span> <span class='ocrx_word' id='word_1_156' title='bbox 813 2095 852 2164; x_wconf 82' lang='grc' dir='ltr'><strong>όν</strong></span> <span class='ocrx_word' id='word_1_157' title='bbox 872 2094 913 2164; x_wconf 84' lang='grc' dir='ltr'><strong>άν</strong></span> <span class='ocrx_word' id='word_1_158' title='bbox 932 2101 1089 2184; x_wconf 77' lang='grc' dir='ltr'><strong><em>ἐκλέξηται</em></strong></span> <span class='ocrx_word' id='word_1_159' title='bbox 1108 2099 1225 2175; x_wconf 80' lang='grc' dir='ltr'><strong><em>αὑτός.</em></strong></span> <span class='ocrx_word' id='word_1_160' title='bbox 1258 2095 1409 2181; x_wconf 79' lang='grc' dir='ltr'><strong><em>βασιλεὺς</em></strong></span> 
     </span>
     <span class='ocr_line' id='line_1_19' title="bbox 324 2191 1408 2284; baseline -0.005 -20"><span class='ocrx_word' id='word_1_161' title='bbox 324 2199 360 2264; x_wconf 74' lang='grc' dir='ltr'><strong>δέ</strong></span> <span class='ocrx_word' id='word_1_162' title='bbox 381 2191 455 2262; x_wconf 76' lang='grc' dir='ltr'><strong><em>οὑδὲ</em></strong></span> <span class='ocrx_word' id='word_1_163' title='bbox 475 2192 568 2272; x_wconf 83' lang='grc' dir='ltr'><strong><em>αὑτὸς</em></strong></span> <span class='ocrx_word' id='word_1_164' title='bbox 589 2196 724 2284; x_wconf 79' lang='grc' dir='ltr'><strong><em>ἔφασκεν</em></strong></span> <span class='ocrx_word' id='word_1_165' title='bbox 743 2191 884 2281; x_wconf 76' lang='grc' dir='ltr'><strong><em>άγνοεῑν,</em></strong></span> <span class='ocrx_word' id='word_1_166' title='bbox 904 2191 980 2263; x_wconf 87' lang='grc' dir='ltr'><strong><em>όσον</em></strong></span> <span class='ocrx_word' id='word_1_167' title='bbox 1000 2197 1055 2263; x_wconf 80' lang='grc' dir='ltr'><strong>έπί</strong></span> <span class='ocrx_word' id='word_1_168' title='bbox 1079 2199 1138 2262; x_wconf 81' lang='grc' dir='ltr'><strong><em>τοὺ</em></strong></span> <span class='ocrx_word' id='word_1_169' title='bbox 1156 2197 1309 2283; x_wconf 83' lang='grc' dir='ltr'><strong><em>προτέρου</em></strong></span> <span class='ocrx_word' id='word_1_170' title='bbox 1325 2195 1408 2281; x_wconf 83' lang='grc' dir='ltr'><strong><em>χρό-</em></strong></span> 
     </span>
     <span class='ocr_line' id='line_1_20' title="bbox 322 2290 1409 2382; baseline 0 -21"><span class='ocrx_word' id='word_1_171' title='bbox 322 2319 379 2362; x_wconf 91' lang='grc' dir='ltr'><strong>νου</strong></span> <span class='ocrx_word' id='word_1_172' title='bbox 401 2293 555 2382; x_wconf 87' lang='grc' dir='ltr'><strong><em>ὑφίστατο</em></strong></span> <span class='ocrx_word' id='word_1_173' title='bbox 576 2295 630 2362; x_wconf 88' lang='grc' dir='ltr'><strong>τόν</strong></span> <span class='ocrx_word' id='word_1_174' title='bbox 650 2295 753 2378; x_wconf 91' lang='grc' dir='ltr'><strong><em>πόνον,</em></strong></span> <span class='ocrx_word' id='word_1_175' title='bbox 776 2299 873 2362; x_wconf 80' lang='grc' dir='ltr'><strong><em>πᾶσιν</em></strong></span> <span class='ocrx_word' id='word_1_176' title='bbox 892 2293 988 2371; x_wconf 82' lang='grc' dir='ltr'><strong><em>αὑτός</em></strong></span> <span class='ocrx_word' id='word_1_177' title='bbox 1006 2295 1201 2382; x_wconf 80' lang='grc' dir='ltr'><strong><em>έφεστηκῶς,</em></strong></span> <span class='ocrx_word' id='word_1_178' title='bbox 1222 2290 1304 2362; x_wconf 85' lang='grc' dir='ltr'><strong><em>άλλά</em></strong></span> <span class='ocrx_word' id='word_1_179' title='bbox 1325 2298 1409 2362; x_wconf 76' lang='grc' dir='ltr'><strong><em>εἰδέ-</em></strong></span> 
     </span>
     <span class='ocr_line' id='line_1_21' title="bbox 324 2387 1444 2481; baseline 0.002 -22"><span class='ocrx_word' id='word_1_180' title='bbox 324 2417 378 2460; x_wconf 88' lang='grc' dir='ltr'><strong>ναι</strong></span> <span class='ocrx_word' id='word_1_181' title='bbox 398 2417 431 2460; x_wconf 86' lang='grc' dir='ltr'><strong>τε</strong></span> <span class='ocrx_word' id='word_1_182' title='bbox 452 2399 572 2479; x_wconf 78' lang='grc' dir='ltr'><strong><em>καλῶς,</em></strong></span> <span class='ocrx_word' id='word_1_183' title='bbox 593 2392 648 2461; x_wconf 84' lang='grc' dir='ltr'><strong><em>καί</em></strong></span> <span class='ocrx_word' id='word_1_184' title='bbox 667 2394 726 2478; x_wconf 76' lang='grc' dir='ltr'><strong>οὐχ</strong></span> <span class='ocrx_word' id='word_1_185' title='bbox 743 2388 857 2479; x_wconf 81' lang='grc' dir='ltr'><strong><em>ἥκιστα</em></strong></span> <span class='ocrx_word' id='word_1_186' title='bbox 877 2391 1075 2478; x_wconf 72' lang='grc' dir='ltr'><strong><em>θαυμάζειν,</em></strong></span> <span class='ocrx_word' id='word_1_187' title='bbox 1105 2397 1136 2460; x_wconf 76' lang='grc' dir='ltr'><strong><em>εἰ</em></strong></span> <span class='ocrx_word' id='word_1_188' title='bbox 1154 2390 1231 2481; x_wconf 89' lang='grc' dir='ltr'><strong><em>πρός</em></strong></span> <span class='ocrx_word' id='word_1_189' title='bbox 1249 2387 1444 2480; x_wconf 77' lang='grc' dir='ltr'><strong><em>τοσαότηναο</em></strong></span> 
     </span>
     <span class='ocr_line' id='line_1_22' title="bbox 325 2486 1405 2581; baseline 0 -24"><span class='ocrx_word' id='word_1_190' title='bbox 325 2493 475 2579; x_wconf 79' lang='grc' dir='ltr'><strong><em>διοίκησιν</em></strong></span> <span class='ocrx_word' id='word_1_191' title='bbox 494 2494 687 2581; x_wconf 80' lang='grc' dir='ltr'><strong><em>πραγμάτων</em></strong></span> <span class='ocrx_word' id='word_1_192' title='bbox 707 2490 753 2571; x_wconf 75' lang='grc' dir='ltr'><strong><em>εἷς</em></strong></span> <span class='ocrx_word' id='word_1_193' title='bbox 773 2486 819 2559; x_wconf 84' lang='grc' dir='ltr'><strong>ῶν</strong></span> <span class='ocrx_word' id='word_1_194' title='bbox 839 2492 934 2572; x_wconf 84' lang='grc' dir='ltr'><strong><em>αὑτός</em></strong></span> <span class='ocrx_word' id='word_1_195' title='bbox 953 2495 1100 2579; x_wconf 77' lang='grc' dir='ltr'><strong><em>ἔξαρκεῖ,</em></strong></span> <span class='ocrx_word' id='word_1_196' title='bbox 1140 2491 1189 2559; x_wconf 75' lang='grc' dir='ltr'><strong><em>ἔτι</em></strong></span> <span class='ocrx_word' id='word_1_197' title='bbox 1218 2496 1254 2559; x_wconf 76' lang='grc' dir='ltr'><strong>δέ</strong></span> <span class='ocrx_word' id='word_1_198' title='bbox 1274 2492 1329 2560; x_wconf 70' lang='grc' dir='ltr'><strong><em>κατ’</em></strong></span> <span class='ocrx_word' id='word_1_199' title='bbox 1347 2488 1405 2558; x_wconf 88' lang='grc' dir='ltr'><strong>άλ-</strong></span> 
     </span>
     <span class='ocr_line' id='line_1_23' title="bbox 306 2587 1403 2679; baseline 0.001 -21"><span class='ocrx_word' id='word_1_200' title='bbox 306 2590 389 2674; x_wconf 82' lang='grc' dir='ltr'><strong>’γεῖν</strong></span> <span class='ocrx_word' id='word_1_201' title='bbox 409 2592 489 2679; x_wconf 83' lang='grc' dir='ltr'><strong><em>ὑπὲρ</em></strong></span> <span class='ocrx_word' id='word_1_202' title='bbox 511 2588 612 2659; x_wconf 77' lang='grc' dir='ltr'><strong><em>αὑτοῦ</em></strong></span> <span class='ocrx_word' id='word_1_203' title='bbox 621 2644 631 2676; x_wconf 90' lang='grc'><strong><em>,</em></strong></span> <span class='ocrx_word' id='word_1_204' title='bbox 649 2590 703 2659; x_wconf 84' lang='grc' dir='ltr'><strong>τόν</strong></span> <span class='ocrx_word' id='word_1_205' title='bbox 722 2592 862 2676; x_wconf 80' lang='grc' dir='ltr'><strong><em>κάματον</em></strong></span> <span class='ocrx_word' id='word_1_206' title='bbox 881 2588 918 2657; x_wconf 82' lang='grc' dir='ltr'><strong>ὑν</strong></span> <span class='ocrx_word' id='word_1_207' title='bbox 937 2592 1090 2673; x_wconf 81' lang='grc' dir='ltr'><strong><em>ὑπέμενεν</em></strong></span> <span class='ocrx_word' id='word_1_208' title='bbox 1109 2595 1237 2659; x_wconf 89' lang='grc' dir='ltr'><strong><em>έννοῶν.</em></strong></span> <span class='ocrx_word' id='word_1_209' title='bbox 1269 2587 1343 2679; x_wconf 81' lang='grc' dir='ltr'><strong><em>ὑπερ</em></strong></span> <span class='ocrx_word' id='word_1_210' title='bbox 1364 2594 1403 2659; x_wconf 74' lang='lat' dir='ltr'><strong>dd</strong></span> 
     </span>
     <span class='ocr_line' id='line_1_24' title="bbox 297 2685 1405 2779; baseline -0.002 -22"><span class='ocrx_word' id='word_1_211' title='bbox 297 2688 421 2769; x_wconf 74' lang='lat' dir='ltr'><strong>Cadcde</strong></span> <span class='ocrx_word' id='word_1_212' title='bbox 441 2689 520 2779; x_wconf 78' lang='grc' dir='ltr'><strong><em>ἔφης</em></strong></span> <span class='ocrx_word' id='word_1_213' title='bbox 539 2690 736 2774; x_wconf 83' lang='grc' dir='ltr'><strong><em>λογιζόμενος</em></strong></span> <span class='ocrx_word' id='word_1_214' title='bbox 755 2690 811 2755; x_wconf 79' lang='grc' dir='ltr'><strong><em>καὶ</em></strong></span> <span class='ocrx_word' id='word_1_215' title='bbox 828 2685 940 2774; x_wconf 87' lang='grc' dir='ltr'><strong><em>αὑτός,</em></strong></span> <span class='ocrx_word' id='word_1_216' title='bbox 978 2688 1022 2765; x_wconf 81' lang='grc' dir='ltr'><strong><em>ῶς</em></strong></span> <span class='ocrx_word' id='word_1_217' title='bbox 1048 2692 1113 2755; x_wconf 87' lang='grc' dir='ltr'><strong>τῶν</strong></span> <span class='ocrx_word' id='word_1_218' title='bbox 1132 2691 1296 2777; x_wconf 80' lang='grc' dir='ltr'><strong><em>ἐμφυλίων</em></strong></span> <span class='ocrx_word' id='word_1_219' title='bbox 1313 2694 1405 2756; x_wconf 74' lang='grc' dir='ltr'><strong><em>ἕνεκα</em></strong></span> 
     </span>
     <span class='ocr_line' id='line_1_25' title="bbox 324 2786 1404 2875; baseline -0.001 -22"><span class='ocrx_word' id='word_1_220' title='bbox 324 2790 466 2870; x_wconf 78' lang='grc' dir='ltr'><strong><em>πολέμων</em></strong></span> <span class='ocrx_word' id='word_1_221' title='bbox 490 2792 547 2853; x_wconf 80' lang='grc' dir='ltr'>καί</span> <span class='ocrx_word' id='word_1_222' title='bbox 570 2793 633 2856; x_wconf 85' lang='grc' dir='ltr'><strong>τῶν</strong></span> <span class='ocrx_word' id='word_1_223' title='bbox 653 2792 829 2873; x_wconf 75' lang='grc' dir='ltr'><strong><em>ἐπιβουλῶν</em></strong></span> <span class='ocrx_word' id='word_1_224' title='bbox 856 2788 1025 2873; x_wconf 72' lang='grc' dir='ltr'><strong><em>άναγιιαίον</em></strong></span> <span class='ocrx_word' id='word_1_225' title='bbox 1043 2790 1096 2875; x_wconf 72' lang='grc' dir='ltr'><strong>ἐφ’</strong></span> <span class='ocrx_word' id='word_1_226' title='bbox 1117 2786 1222 2857; x_wconf 84' lang='grc' dir='ltr'><strong><em>άπασί</em></strong></span> <span class='ocrx_word' id='word_1_227' title='bbox 1235 2812 1273 2856; x_wconf 89' lang='grc' dir='ltr'><strong><em>σε</em></strong></span> <span class='ocrx_word' id='word_1_228' title='bbox 1292 2796 1404 2875; x_wconf 79' lang='grc' dir='ltr'><strong><em>παρεῖ-</em></strong></span> 
     </span>
     <span class='ocr_line' id='line_1_26' title="bbox 396 2905 920 2984; baseline -0.006 -23"><span class='ocrx_word' id='word_1_229' title='bbox 396 2908 434 2962; x_wconf 78' lang='lat' dir='ltr'><strong>re.</strong></span> <span class='ocrx_word' id='word_1_230' title='bbox 452 2905 571 2977; x_wconf 76' lang='grc' dir='ltr'><strong><em>άναάελη</em></strong></span> <span class='ocrx_word' id='word_1_231' title='bbox 589 2909 645 2965; x_wconf 84' lang='grc' dir='ltr'><strong>ΕΙ).</strong></span> <span class='ocrx_word' id='word_1_232' title='bbox 665 2910 691 2965; x_wconf 86' lang='grc' dir='ltr'><strong>Ρ.</strong></span> <span class='ocrx_word' id='word_1_233' title='bbox 710 2926 761 2984; x_wconf 88' lang='lat' dir='ltr'><strong>pro</strong></span> <span class='ocrx_word' id='word_1_234' title='bbox 778 2906 920 2965; x_wconf 71' lang='grc' dir='ltr'><strong><em>ἀναθεῖεν.</em></strong></span> 
     </span>
    </p>
   </div>
   <div class='ocr_carea' id='block_1_3' title="bbox 323 3008 1511 3363">
    <p class='ocr_par' dir='ltr' id='par_1_3' title="bbox 323 3008 1511 3363">
     <span class='ocr_line' id='line_1_27' title="bbox 324 3008 1511 3085; baseline -0.001 -23"><span class='ocrx_word' id='word_1_235' title='bbox 324 3008 388 3063; x_wconf 84' lang='lat' dir='ltr'><strong>dura</strong></span> <span class='ocrx_word' id='word_1_236' title='bbox 408 3010 599 3073; x_wconf 84' lang='lat' dir='ltr'><strong>scriberentur.</strong></span> <span class='ocrx_word' id='word_1_237' title='bbox 620 3028 669 3083; x_wconf 88' lang='lat' dir='ltr'><strong>per</strong></span> <span class='ocrx_word' id='word_1_238' title='bbox 686 3030 714 3065; x_wconf 89' lang='lat' dir='ltr'><strong>se</strong></span> <span class='ocrx_word' id='word_1_239' title='bbox 729 3030 839 3083; x_wconf 78' lang='lat' dir='ltr'><strong>magnus</strong></span> <span class='ocrx_word' id='word_1_240' title='bbox 858 3011 1025 3067; x_wconf 86' lang='lat' dir='ltr'><strong>domesticus</strong></span> <span class='ocrx_word' id='word_1_241' title='bbox 1041 3014 1210 3085; x_wconf 75' lang='lat' dir='ltr'><strong>praefuerat3</strong></span> <span class='ocrx_word' id='word_1_242' title='bbox 1225 3009 1338 3081; x_wconf 88' lang='lat' dir='ltr'><strong>nequid</strong></span> <span class='ocrx_word' id='word_1_243' title='bbox 1351 3024 1404 3078; x_wconf 86' lang='lat' dir='ltr'><strong>per</strong></span> <span class='ocrx_word' id='word_1_244' title='bbox 1510 3041 1511 3074; x_wconf 78' lang='lat'>3</span> 
     </span>
     <span class='ocr_line' id='line_1_28' title="bbox 327 3080 1511 3154; baseline -0.002 -21"><span class='ocrx_word' id='word_1_245' title='bbox 327 3080 477 3134; x_wconf 80' lang='lat' dir='ltr'><strong>socordiam</strong></span> <span class='ocrx_word' id='word_1_246' title='bbox 497 3084 726 3152; x_wconf 75' lang='lat' dir='ltr'><strong>malignitatemve</strong></span> <span class='ocrx_word' id='word_1_247' title='bbox 745 3086 870 3147; x_wconf 84' lang='lat' dir='ltr'><strong>aliorum,</strong></span> <span class='ocrx_word' id='word_1_248' title='bbox 902 3084 1003 3154; x_wconf 86' lang='lat' dir='ltr'><strong>quibus</strong></span> <span class='ocrx_word' id='word_1_249' title='bbox 1021 3086 1313 3145; x_wconf 68' lang='lat' dir='ltr'><strong>cacommittcrcntur,</strong></span> <span class='ocrx_word' id='word_1_250' title='bbox 1330 3080 1404 3149; x_wconf 78' lang='lat' dir='ltr'><strong>sini·</strong></span> <span class='ocrx_word' id='word_1_251' title='bbox 1510 3091 1511 3106; x_wconf 66' lang='lat'>¹</span> 
     </span>
     <span class='ocr_line' id='line_1_29' title="bbox 323 3150 1402 3225; baseline -0.002 -23"><span class='ocrx_word' id='word_1_252' title='bbox 323 3151 421 3203; x_wconf 90' lang='lat' dir='ltr'><strong>sterius</strong></span> <span class='ocrx_word' id='word_1_253' title='bbox 440 3154 531 3203; x_wconf 84' lang='lat' dir='ltr'><strong>fieret:</strong></span> <span class='ocrx_word' id='word_1_254' title='bbox 566 3169 616 3203; x_wconf 90' lang='lat' dir='ltr'><strong>nec</strong></span> <span class='ocrx_word' id='word_1_255' title='bbox 634 3154 705 3205; x_wconf 84' lang='lat' dir='ltr'><strong>leves</strong></span> <span class='ocrx_word' id='word_1_256' title='bbox 724 3154 753 3205; x_wconf 91' lang='lat' dir='ltr'><strong>in</strong></span> <span class='ocrx_word' id='word_1_257' title='bbox 771 3171 804 3205; x_wconf 93' lang='lat' dir='ltr'><strong>eo</strong></span> <span class='ocrx_word' id='word_1_258' title='bbox 823 3155 931 3207; x_wconf 88' lang='lat' dir='ltr'><strong>labores</strong></span> <span class='ocrx_word' id='word_1_259' title='bbox 949 3157 1131 3219; x_wconf 68' lang='lat' dir='ltr'><strong>sustinuerat,</strong></span> <span class='ocrx_word' id='word_1_260' title='bbox 1156 3172 1223 3225; x_wconf 83' lang='lat' dir='ltr'><strong>quos</strong></span> <span class='ocrx_word' id='word_1_261' title='bbox 1240 3150 1327 3203; x_wconf 81' lang='lat' dir='ltr'>nihilo</span> <span class='ocrx_word' id='word_1_262' title='bbox 1346 3150 1402 3201; x_wconf 86' lang='lat' dir='ltr'><strong>rni-</strong></span> 
     </span>
     <span class='ocr_line' id='line_1_30' title="bbox 323 3218 1403 3304; baseline -0.001 -33"><span class='ocrx_word' id='word_1_263' title='bbox 323 3236 383 3281; x_wconf 88' lang='lat' dir='ltr'><strong>aus,</strong></span> <span class='ocrx_word' id='word_1_264' title='bbox 402 3224 465 3304; x_wconf 88' lang='lat' dir='ltr'><strong>quia</strong></span> <span class='ocrx_word' id='word_1_265' title='bbox 482 3238 573 3273; x_wconf 84' lang='lat' dir='ltr'><strong>curam</strong></span> <span class='ocrx_word' id='word_1_266' title='bbox 590 3222 857 3294; x_wconf 69' lang='lat' dir='ltr'><strong>sollicitudinemque</strong></span> <span class='ocrx_word' id='word_1_267' title='bbox 875 3226 905 3287; x_wconf 81' lang='lat' dir='ltr'><strong>in</strong></span> <span class='ocrx_word' id='word_1_268' title='bbox 919 3227 1046 3277; x_wconf 89' lang='lat' dir='ltr'><strong>omuibus</strong></span> <span class='ocrx_word' id='word_1_269' title='bbox 1064 3228 1238 3279; x_wconf 84' lang='lat' dir='ltr'><strong>necessariam</strong></span> <span class='ocrx_word' id='word_1_270' title='bbox 1253 3218 1403 3281; x_wconf 86' lang='lat' dir='ltr'><strong>iudicabat,</strong></span> 
     </span>
     <span class='ocr_line' id='line_1_31' title="bbox 323 3290 1404 3363; baseline 0 -22"><span class='ocrx_word' id='word_1_271' title='bbox 323 3290 433 3343; x_wconf 81' lang='lat' dir='ltr'><strong>silentio</strong></span> <span class='ocrx_word' id='word_1_272' title='bbox 453 3290 614 3361; x_wconf 71' lang='lat' dir='ltr'><strong>perferebat</strong></span> <span class='ocrx_word' id='word_1_273' title='bbox 651 3292 729 3343; x_wconf 85' lang='lat' dir='ltr'><strong>Tunc</strong></span> <span class='ocrx_word' id='word_1_274' title='bbox 745 3310 818 3356; x_wconf 83' lang='lat' dir='ltr'><strong>vero,</strong></span> <span class='ocrx_word' id='word_1_275' title='bbox 835 3296 949 3363; x_wconf 84' lang='lat' dir='ltr'><strong>sepultis</strong></span> <span class='ocrx_word' id='word_1_276' title='bbox 966 3296 1020 3346; x_wconf 88' lang='lat' dir='ltr'><strong>iam</strong></span> <span class='ocrx_word' id='word_1_277' title='bbox 1038 3296 1119 3362; x_wconf 81' lang='lat' dir='ltr'><strong>bellis</strong></span> <span class='ocrx_word' id='word_1_278' title='bbox 1135 3294 1260 3347; x_wconf 88' lang='lat' dir='ltr'><strong>civilibus</strong></span> <span class='ocrx_word' id='word_1_279' title='bbox 1278 3290 1404 3343; x_wconf 84' lang='lat' dir='ltr'><strong>insidiis·</strong></span> 
     </span>
    </p>
   </div>
   <div class='ocr_carea' id='block_1_4' title="bbox 324 3361 1403 3503">
    <p class='ocr_par' dir='ltr' id='par_1_4' title="bbox 324 3361 1403 3503">
     <span class='ocr_line' id='line_1_32' title="bbox 324 3361 1403 3478; baseline 0.001 -68"><span class='ocrx_word' id='word_1_280' title='bbox 324 3376 377 3478; x_wconf 80' lang='lat' dir='ltr'><strong>que</strong></span> <span class='ocrx_word' id='word_1_281' title='bbox 395 3378 426 3413; x_wconf 89' lang='lat' dir='ltr'><strong>ac</strong></span> <span class='ocrx_word' id='word_1_282' title='bbox 443 3361 658 3444; x_wconf 70' lang='lat' dir='ltr'><strong>suspicionibus,</strong></span> <span class='ocrx_word' id='word_1_283' title='bbox 676 3362 729 3414; x_wconf 87' lang='lat' dir='ltr'><strong>sibi</strong></span> <span class='ocrx_word' id='word_1_284' title='bbox 749 3381 858 3434; x_wconf 91' lang='lat' dir='ltr'><strong>quoque</strong></span> <span class='ocrx_word' id='word_1_285' title='bbox 878 3368 1070 3432; x_wconf 79' lang='lat' dir='ltr'><strong>occupationes</strong></span> <span class='ocrx_word' id='word_1_286' title='bbox 1087 3367 1256 3436; x_wconf 83' lang='lat' dir='ltr'><strong>aliquantum</strong></span> <span class='ocrx_word' id='word_1_287' title='bbox 1272 3364 1403 3413; x_wconf 88' lang='lat' dir='ltr'><strong>minuen-</strong></span> 
     </span>
     <span class='ocr_line' id='line_1_33' title="bbox 344 3430 1401 3503; baseline 0.002 -24"><span class='ocrx_word' id='word_1_288' title='bbox 344 3447 371 3481; x_wconf 79' lang='grc' dir='ltr'><strong><em>τι</em></strong></span> <span class='ocrx_word' id='word_1_289' title='bbox 388 3433 610 3484; x_wconf 76' lang='grc' dir='ltr'><strong><em>οιεειοουεῑὶῑιιιῑ.</em></strong></span> <span class='ocrx_word' id='word_1_290' title='bbox 647 3430 780 3499; x_wconf 81' lang='lat' dir='ltr'><strong>Quocirca</strong></span> <span class='ocrx_word' id='word_1_291' title='bbox 793 3436 951 3501; x_wconf 86' lang='lat' dir='ltr'><strong>imperatori</strong></span> <span class='ocrx_word' id='word_1_292' title='bbox 965 3438 1105 3503; x_wconf 87' lang='lat' dir='ltr'><strong>praeteriti</strong></span> <span class='ocrx_word' id='word_1_293' title='bbox 1126 3435 1254 3503; x_wconf 88' lang='lat' dir='ltr'><strong>temporis</strong></span> <span class='ocrx_word' id='word_1_294' title='bbox 1278 3431 1401 3484; x_wconf 83' lang='lat' dir='ltr'><strong>laborio-</strong></span> 
     </span>
    </p>
   </div>
   <div class='ocr_carea' id='block_1_5' title="bbox 319 3500 1402 4345">
    <p class='ocr_par' dir='ltr' id='par_1_5' title="bbox 319 3500 1402 4345">
     <span class='ocr_line' id='line_1_34' title="bbox 324 3500 1402 3571; baseline 0.003 -23"><span class='ocrx_word' id='word_1_295' title='bbox 324 3514 379 3549; x_wconf 88' lang='lat' dir='ltr'><strong>sam</strong></span> <span class='ocrx_word' id='word_1_296' title='bbox 396 3500 657 3553; x_wconf 76' lang='lat' dir='ltr'><strong>administrationem</strong></span> <span class='ocrx_word' id='word_1_297' title='bbox 674 3519 747 3553; x_wconf 88' lang='lat' dir='ltr'><strong>suam</strong></span> <span class='ocrx_word' id='word_1_298' title='bbox 766 3504 879 3571; x_wconf 83' lang='lat' dir='ltr'><strong>exponit</strong></span> <span class='ocrx_word' id='word_1_299' title='bbox 890 3522 921 3556; x_wconf 90' lang='lat' dir='ltr'><strong>ac</strong></span> <span class='ocrx_word' id='word_1_300' title='bbox 932 3513 1041 3566; x_wconf 86' lang='lat' dir='ltr'><strong>monet,</strong></span> <span class='ocrx_word' id='word_1_301' title='bbox 1064 3507 1142 3557; x_wconf 86' lang='lat' dir='ltr'><strong>malis</strong></span> <span class='ocrx_word' id='word_1_302' title='bbox 1159 3502 1285 3555; x_wconf 84' lang='lat' dir='ltr'><strong>civilibus</strong></span> <span class='ocrx_word' id='word_1_303' title='bbox 1306 3509 1336 3553; x_wconf 91' lang='lat' dir='ltr'><strong>et</strong></span> <span class='ocrx_word' id='word_1_304' title='bbox 1355 3518 1402 3551; x_wconf 88' lang='lat' dir='ltr'><strong>su-</strong></span> 
     </span>
     <span class='ocr_line' id='line_1_35' title="bbox 322 3568 1401 3643; baseline 0.004 -26"><span class='ocrx_word' id='word_1_305' title='bbox 322 3568 445 3633; x_wconf 81' lang='lat' dir='ltr'><strong>spiciosis</strong></span> <span class='ocrx_word' id='word_1_306' title='bbox 461 3571 628 3641; x_wconf 78' lang='lat' dir='ltr'><strong>temporibus</strong></span> <span class='ocrx_word' id='word_1_307' title='bbox 644 3570 695 3623; x_wconf 88' lang='lat' dir='ltr'><strong>iam</strong></span> <span class='ocrx_word' id='word_1_308' title='bbox 710 3575 873 3641; x_wconf 83' lang='lat' dir='ltr'><strong>praeteritis,</strong></span> <span class='ocrx_word' id='word_1_309' title='bbox 885 3575 1091 3643; x_wconf 76' lang='lat' dir='ltr'><strong>providendum,</strong></span> <span class='ocrx_word' id='word_1_310' title='bbox 1109 3575 1150 3626; x_wconf 76' lang='lat' dir='ltr'><strong>uti</strong></span> <span class='ocrx_word' id='word_1_311' title='bbox 1162 3590 1204 3625; x_wconf 87' lang='lat' dir='ltr'><strong>res</strong></span> <span class='ocrx_word' id='word_1_312' title='bbox 1221 3568 1401 3643; x_wconf 84' lang='lat' dir='ltr'><strong>quemadmo-</strong></span> 
     </span>
     <span class='ocr_line' id='line_1_36' title="bbox 322 3636 1399 3715; baseline 0.005 -29"><span class='ocrx_word' id='word_1_313' title='bbox 322 3636 386 3687; x_wconf 89' lang='lat' dir='ltr'><strong>dum</strong></span> <span class='ocrx_word' id='word_1_314' title='bbox 406 3648 484 3701; x_wconf 89' lang='lat' dir='ltr'><strong>ante,</strong></span> <span class='ocrx_word' id='word_1_315' title='bbox 503 3642 573 3694; x_wconf 86' lang='lat' dir='ltr'><strong>bene</strong></span> <span class='ocrx_word' id='word_1_316' title='bbox 592 3642 773 3713; x_wconf 84' lang='lat' dir='ltr'><strong>decenterque</strong></span> <span class='ocrx_word' id='word_1_317' title='bbox 789 3652 980 3711; x_wconf 85' lang='lat' dir='ltr'><strong>procurentur,</strong></span> <span class='ocrx_word' id='word_1_318' title='bbox 996 3654 1026 3698; x_wconf 92' lang='lat' dir='ltr'><strong>et</strong></span> <span class='ocrx_word' id='word_1_319' title='bbox 1043 3646 1098 3697; x_wconf 86' lang='lat' dir='ltr'><strong>sibi</strong></span> <span class='ocrx_word' id='word_1_320' title='bbox 1115 3647 1236 3715; x_wconf 87' lang='lat' dir='ltr'><strong>quietem</strong></span> <span class='ocrx_word' id='word_1_321' title='bbox 1255 3660 1287 3693; x_wconf 90' lang='lat' dir='ltr'><strong>ac</strong></span> <span class='ocrx_word' id='word_1_322' title='bbox 1302 3641 1399 3693; x_wconf 90' lang='lat' dir='ltr'><strong>remis-</strong></span> 
     </span>
     <span class='ocr_line' id='line_1_37' title="bbox 321 3706 1400 3781; baseline 0.003 -24"><span class='ocrx_word' id='word_1_323' title='bbox 321 3706 424 3758; x_wconf 78' lang='lat' dir='ltr'><strong>sionom</strong></span> <span class='ocrx_word' id='word_1_324' title='bbox 439 3710 555 3779; x_wconf 83' lang='lat' dir='ltr'><strong>aliquam</strong></span> <span class='ocrx_word' id='word_1_325' title='bbox 573 3711 781 3770; x_wconf 86' lang='lat' dir='ltr'><strong>concedendam.</strong></span> <span class='ocrx_word' id='word_1_326' title='bbox 806 3714 1001 3765; x_wconf 85' lang='lat' dir='ltr'><strong>concessurum</strong></span> <span class='ocrx_word' id='word_1_327' title='bbox 1014 3724 1114 3779; x_wconf 85' lang='lat' dir='ltr'><strong>autem,</strong></span> <span class='ocrx_word' id='word_1_328' title='bbox 1126 3716 1149 3765; x_wconf 90' lang='lat' dir='ltr'><strong>si</strong></span> <span class='ocrx_word' id='word_1_329' title='bbox 1165 3711 1400 3781; x_wconf 84' lang='lat' dir='ltr'><strong>imperatoriaruna</strong></span> 
     </span>
     <span class='ocr_line' id='line_1_38' title="bbox 320 3774 1400 3851; baseline 0.005 -26"><span class='ocrx_word' id='word_1_330' title='bbox 320 3774 473 3846; x_wconf 85' lang='lat' dir='ltr'><strong>litterarum</strong></span> <span class='ocrx_word' id='word_1_331' title='bbox 499 3788 526 3831; x_wconf 87' lang='lat' dir='ltr'><strong>et</strong></span> <span class='ocrx_word' id='word_1_332' title='bbox 547 3783 602 3833; x_wconf 82' lang='lat' dir='ltr'><strong>fisci</strong></span> <span class='ocrx_word' id='word_1_333' title='bbox 618 3789 646 3832; x_wconf 87' lang='lat' dir='ltr'><strong>ct</strong></span> <span class='ocrx_word' id='word_1_334' title='bbox 662 3785 833 3834; x_wconf 79' lang='lat' dir='ltr'><strong>exactionum</strong></span> <span class='ocrx_word' id='word_1_335' title='bbox 847 3784 1043 3851; x_wconf 77' lang='lat' dir='ltr'><strong>praefecturam</strong></span> <span class='ocrx_word' id='word_1_336' title='bbox 1068 3786 1098 3837; x_wconf 89' lang='lat' dir='ltr'><strong>in</strong></span> <span class='ocrx_word' id='word_1_337' title='bbox 1117 3785 1232 3836; x_wconf 86' lang='lat' dir='ltr'><strong>alterum</strong></span> <span class='ocrx_word' id='word_1_338' title='bbox 1246 3780 1400 3841; x_wconf 81' lang='lat' dir='ltr'><strong>transierat,</strong></span> 
     </span>
     <span class='ocr_line' id='line_1_39' title="bbox 321 3850 1399 3923; baseline 0.005 -29"><span class='ocrx_word' id='word_1_339' title='bbox 321 3862 402 3914; x_wconf 88' lang='lat' dir='ltr'><strong>quem</strong></span> <span class='ocrx_word' id='word_1_340' title='bbox 417 3864 464 3899; x_wconf 83' lang='lat' dir='ltr'><strong>auo</strong></span> <span class='ocrx_word' id='word_1_341' title='bbox 477 3850 609 3903; x_wconf 85' lang='lat' dir='ltr'><strong>arbitratu</strong></span> <span class='ocrx_word' id='word_1_342' title='bbox 627 3852 766 3920; x_wconf 72' lang='lat' dir='ltr'><strong>delegerit</strong></span> <span class='ocrx_word' id='word_1_343' title='bbox 802 3852 951 3921; x_wconf 77' lang='lat' dir='ltr'><strong>Respondit</strong></span> <span class='ocrx_word' id='word_1_344' title='bbox 964 3855 1124 3923; x_wconf 89' lang='lat' dir='ltr'><strong>imperator,</strong></span> <span class='ocrx_word' id='word_1_345' title='bbox 1144 3852 1201 3905; x_wconf 84' lang='lat' dir='ltr'><strong>Nec</strong></span> <span class='ocrx_word' id='word_1_346' title='bbox 1216 3870 1247 3905; x_wconf 88' lang='lat' dir='ltr'><strong>se</strong></span> <span class='ocrx_word' id='word_1_347' title='bbox 1266 3853 1399 3921; x_wconf 73' lang='lat' dir='ltr'><strong>ignorare,</strong></span> 
     </span>
     <span class='ocr_line' id='line_1_40' title="bbox 321 3918 1397 3991; baseline 0.007 -28"><span class='ocrx_word' id='word_1_348' title='bbox 321 3925 437 3983; x_wconf 88' lang='lat' dir='ltr'><strong>quantos</strong></span> <span class='ocrx_word' id='word_1_349' title='bbox 454 3918 501 3970; x_wconf 90' lang='lat' dir='ltr'><strong>ille</strong></span> <span class='ocrx_word' id='word_1_350' title='bbox 522 3920 627 3973; x_wconf 79' lang='lat' dir='ltr'><strong>labore·</strong></span> <span class='ocrx_word' id='word_1_351' title='bbox 646 3920 774 3975; x_wconf 80' lang='lat' dir='ltr'><strong>bullenus</strong></span> <span class='ocrx_word' id='word_1_352' title='bbox 790 3922 927 3985; x_wconf 84' lang='lat' dir='ltr'><strong>subiisset,</strong></span> <span class='ocrx_word' id='word_1_353' title='bbox 945 3940 1005 3975; x_wconf 90' lang='lat' dir='ltr'><strong>cum</strong></span> <span class='ocrx_word' id='word_1_354' title='bbox 1026 3943 1095 3977; x_wconf 87' lang='lat' dir='ltr'><strong>unus</strong></span> <span class='ocrx_word' id='word_1_355' title='bbox 1110 3923 1236 3977; x_wconf 90' lang='lat' dir='ltr'><strong>omnibus</strong></span> <span class='ocrx_word' id='word_1_356' title='bbox 1253 3926 1397 3991; x_wconf 85' lang='lat' dir='ltr'><strong>praeesset:</strong></span> 
     </span>
     <span class='ocr_line' id='line_1_41' title="bbox 320 3984 1399 4065; baseline 0.006 -31"><span class='ocrx_word' id='word_1_357' title='bbox 320 3984 367 4035; x_wconf 91' lang='lat' dir='ltr'><strong>scd</strong></span> <span class='ocrx_word' id='word_1_358' title='bbox 378 3985 472 4065; x_wconf 35' lang='lat' dir='ltr'><strong>&#39;probe</strong></span> <span class='ocrx_word' id='word_1_359' title='bbox 489 4006 580 4051; x_wconf 84' lang='lat' dir='ltr'><strong>nosse,</strong></span> <span class='ocrx_word' id='word_1_360' title='bbox 608 3999 636 4042; x_wconf 87' lang='lat' dir='ltr'><strong>et</strong></span> <span class='ocrx_word' id='word_1_361' title='bbox 649 4008 817 4061; x_wconf 85' lang='lat' dir='ltr'><strong>summopere</strong></span> <span class='ocrx_word' id='word_1_362' title='bbox 831 3992 999 4055; x_wconf 85' lang='lat' dir='ltr'><strong>admiratum,</strong></span> <span class='ocrx_word' id='word_1_363' title='bbox 1023 3996 1111 4047; x_wconf 86' lang='lat' dir='ltr'><strong>solum</strong></span> <span class='ocrx_word' id='word_1_364' title='bbox 1123 4003 1215 4045; x_wconf 87' lang='lat' dir='ltr'><strong>tantae</strong></span> <span class='ocrx_word' id='word_1_365' title='bbox 1228 3990 1399 4061; x_wconf 73' lang='lat' dir='ltr'><strong>negotiorum</strong></span> 
     </span>
     <span class='ocr_line' id='line_1_42' title="bbox 319 4054 1400 4137; baseline 0.005 -32"><span class='ocrx_word' id='word_1_366' title='bbox 319 4054 385 4137; x_wconf 75' lang='lat' dir='ltr'><strong>malr</strong></span> <span class='ocrx_word' id='word_1_367' title='bbox 403 4056 578 4109; x_wconf 84' lang='lat' dir='ltr'><strong>sustinendae</strong></span> <span class='ocrx_word' id='word_1_368' title='bbox 599 4076 691 4127; x_wconf 90' lang='lat' dir='ltr'><strong>parem</strong></span> <span class='ocrx_word' id='word_1_369' title='bbox 709 4080 767 4115; x_wconf 87' lang='lat' dir='ltr'><strong>esse</strong></span> <span class='ocrx_word' id='word_1_370' title='bbox 793 4065 922 4132; x_wconf 89' lang='lat' dir='ltr'><strong>potuisse.</strong></span> <span class='ocrx_word' id='word_1_371' title='bbox 959 4064 1098 4117; x_wconf 85' lang='lat' dir='ltr'><strong>Praeterea</strong></span> <span class='ocrx_word' id='word_1_372' title='bbox 1116 4064 1237 4116; x_wconf 87' lang='lat' dir='ltr'><strong>doluisse</strong></span> <span class='ocrx_word' id='word_1_373' title='bbox 1260 4062 1400 4114; x_wconf 80' lang='lat' dir='ltr'><strong>fortunam</strong></span> 
     </span>
     <span class='ocr_line' id='line_1_43' title="bbox 320 4128 1401 4204; baseline 0.003 -27"><span class='ocrx_word' id='word_1_374' title='bbox 320 4140 392 4186; x_wconf 86' lang='lat' dir='ltr'><strong>erus,</strong></span> <span class='ocrx_word' id='word_1_375' title='bbox 420 4140 480 4177; x_wconf 89' lang='lat' dir='ltr'><strong>cum</strong></span> <span class='ocrx_word' id='word_1_376' title='bbox 502 4128 601 4196; x_wconf 86' lang='lat' dir='ltr'><strong>quibus</strong></span> <span class='ocrx_word' id='word_1_377' title='bbox 620 4142 785 4196; x_wconf 85' lang='lat' dir='ltr'><strong>premeretur</strong></span> <span class='ocrx_word' id='word_1_378' title='bbox 808 4134 936 4185; x_wconf 89' lang='lat' dir='ltr'><strong>oneribus</strong></span> <span class='ocrx_word' id='word_1_379' title='bbox 960 4150 1051 4187; x_wconf 85' lang='lat' dir='ltr'><strong>secum</strong></span> <span class='ocrx_word' id='word_1_380' title='bbox 1081 4136 1218 4204; x_wconf 77' lang='lat' dir='ltr'><strong>cogitaret.</strong></span> <span class='ocrx_word' id='word_1_381' title='bbox 1263 4129 1317 4183; x_wconf 87' lang='lat' dir='ltr'><strong>Sed</strong></span> <span class='ocrx_word' id='word_1_382' title='bbox 1335 4146 1401 4181; x_wconf 86' lang='lat' dir='ltr'><strong>curn</strong></span> 
     </span>
     <span class='ocr_line' id='line_1_44' title="bbox 320 4194 1401 4277; baseline 0.003 -32"><span class='ocrx_word' id='word_1_383' title='bbox 320 4194 378 4275; x_wconf 88' lang='lat' dir='ltr'><strong>ipse</strong></span> <span class='ocrx_word' id='word_1_384' title='bbox 394 4212 504 4277; x_wconf 89' lang='lat' dir='ltr'><strong>quoque</strong></span> <span class='ocrx_word' id='word_1_385' title='bbox 519 4196 720 4264; x_wconf 86' lang='lat' dir='ltr'><strong>consideraret,</strong></span> <span class='ocrx_word' id='word_1_386' title='bbox 739 4202 813 4273; x_wconf 90' lang='lat' dir='ltr'><strong>quod</strong></span> <span class='ocrx_word' id='word_1_387' title='bbox 829 4202 945 4265; x_wconf 83' lang='lat' dir='ltr'><strong>dixerat,</strong></span> <span class='ocrx_word' id='word_1_388' title='bbox 963 4204 1099 4273; x_wconf 90' lang='lat' dir='ltr'><strong>quomodo</strong></span> <span class='ocrx_word' id='word_1_389' title='bbox 1115 4212 1226 4273; x_wconf 83' lang='lat' dir='ltr'><strong>propter</strong></span> <span class='ocrx_word' id='word_1_390' title='bbox 1239 4201 1313 4253; x_wconf 87' lang='lat' dir='ltr'><strong>bella</strong></span> <span class='ocrx_word' id='word_1_391' title='bbox 1328 4200 1401 4252; x_wconf 79' lang='lat' dir='ltr'><strong>civi-</strong></span> 
     </span>
     <span class='ocr_line' id='line_1_45' title="bbox 319 4264 1401 4345; baseline 0.005 -29"><span class='ocrx_word' id='word_1_392' title='bbox 319 4264 357 4317; x_wconf 83' lang='lat' dir='ltr'><strong>lta</strong></span> <span class='ocrx_word' id='word_1_393' title='bbox 373 4272 401 4319; x_wconf 90' lang='lat' dir='ltr'><strong>et</strong></span> <span class='ocrx_word' id='word_1_394' title='bbox 415 4266 527 4320; x_wconf 81' lang='lat' dir='ltr'><strong>insidias</strong></span> <span class='ocrx_word' id='word_1_395' title='bbox 541 4282 602 4321; x_wconf 88' lang='lat' dir='ltr'><strong>eum</strong></span> <span class='ocrx_word' id='word_1_396' title='bbox 619 4267 711 4322; x_wconf 85' lang='lat' dir='ltr'><strong>adesse</strong></span> <span class='ocrx_word' id='word_1_397' title='bbox 732 4272 859 4327; x_wconf 90' lang='lat' dir='ltr'><strong>omnibus</strong></span> <span class='ocrx_word' id='word_1_398' title='bbox 877 4282 905 4325; x_wconf 90' lang='lat' dir='ltr'><strong>et</strong></span> <span class='ocrx_word' id='word_1_399' title='bbox 920 4290 970 4345; x_wconf 90' lang='lat' dir='ltr'><strong>per</strong></span> <span class='ocrx_word' id='word_1_400' title='bbox 987 4290 1050 4327; x_wconf 86' lang='lat' dir='ltr'><strong>eum</strong></span> <span class='ocrx_word' id='word_1_401' title='bbox 1065 4276 1124 4327; x_wconf 89' lang='lat' dir='ltr'><strong>fieri</strong></span> <span class='ocrx_word' id='word_1_402' title='bbox 1140 4275 1231 4327; x_wconf 89' lang='lat' dir='ltr'><strong>omnia</strong></span> <span class='ocrx_word' id='word_1_403' title='bbox 1250 4276 1401 4343; x_wconf 85' lang='lat' dir='ltr'><strong>oporteret,</strong></span> 
     </span>
    </p>
   </div>
   <div class='ocr_carea' id='block_1_6' title="bbox 0 0 1518 4900">
    <p class='ocr_par' dir='ltr' id='par_1_6' title="bbox 0 0 1518 4900">
     <span class='ocr_line' id='line_1_46' title="bbox 0 0 1518 4900; baseline 0 4"><span class='ocrx_word' id='word_1_404' title='bbox 0 0 1518 4900; x_wconf 95' lang='lat' dir='ltr'><strong> </strong></span> 
     </span>
    </p>
   </div>
  </div>
 </body>
</html>
