3025 4900
500 357 789 425 nrsrorurtaun
819 361 847 424 ι.
870 363 896 425 ι.
1204 327 1255 414 15

153 519 281 588 aoalr'oe
302 525 423 606 πεῖραν
445 515 521 601 ἔσχε
542 517 700 597 ποὶιδείσς,
722 513 794 586 οὔτε
812 517 896 604 πρὸς
908 520 1075 604 στρατείαις
1091 511 1209 604 ἤσκητο
1221 511 1417 584 elambit)

154 623 321 707 coquinea,
347 617 421 687 οὔτε
438 619 519 706 πρσί
537 645 569 686 τι
587 623 651 685 τῶν
671 617 734 686 ὅσα
746 620 839 696 νέοσς
849 607 967 705 κοσμεῖ
974 617 1103 705 εὐφυῶς
1117 610 1185 698 εἶχε
1199 613 1258 682 κιλν
1340 628 1345 640 ’

153 709 202 787 εἰὲ
221 722 339 809 ὀλίγον,
356 724 428 790 ἀλλ’
442 719 523 787 οὕτω
540 720 744 786 παντάπασιν
761 716 837 786 ὄντα
850 718 968 796 παντὸς
979 717 1187 805 ἐστερημένον
1199 739 1259 784 κα-

155 825 222 900 λοῦ,
245 825 351 900 δεινὸς
372 823 457 909 ἔρως
478 823 610 906 εἰσῆλθε
630 819 852 905 τὸνβασιλέα,
873 822 914 907 τῇ
931 822 1067 908 λαμπρᾷ
1084 817 1182 904 ταύτῃ
1205 820 1261 885 καί
1269 832 1296 886 Ρ
1307 831 1343 888 12

143 925 298 1004 αβσδειάς
310 924 444 1010 δεομένῃ
459 920 578 1010 φρενὸς
588 917 1102 1012 ἐπιστήσαιβασιλείρῬσιμσιλον.
1123 915 1204 982 οὕτω
1222 917 1262 1004 δή

158 1025 347 1110 διανοηθεὶς
367 1025 424 1090 κατ’
440 1023 535 1109 ἔργον
551 1021 666 1106 ήπτετο
677 1019 748 1106 ήδη,
772 1023 829 1086 κατ’
844 1019 899 1086 τδν
912 1019 1051 1104 Μιχαήλ
1062 1021 1097 1084 ἐκ
1106 1022 1162 1104 τῆς
1172 1017 1263 1105 παρὰ

159 1127 259 1210 μητρὶ
282 1128 451 1213 διατριβῆς
476 1119 614 1210 doricis,
635 1124 779 1190 σύνοικον
799 1120 963 1199 ἀπέδειξεν
984 1113 1093 1206 ἑαυτῷ
1108 1120 1165 1185 καὶ
1184 1142 1261 1184 σνν-

160 1225 381 1309 διστριβοντα,
407 1221 498 1310 αὐτῷ
516 1245 550 1288 τε
571 1223 625 1289 αἐἰ
645 1223 919 1308 παρακαθήμενον
938 1220 995 1285 καὶ
1017 1218 1263 1304 παριστάμενον,

156 1325 212 1390 καὶ
231 1323 269 1388 td
291 1331 406 1412 πρῶτοι
426 1329 491 1390 τῶν
512 1323 649 1410 γνησίων
671 1321 930 1411 ἀποφερόμενον,
950 1318 1013 1394 ὅσα
1033 1343 1070 1406 γε
1094 1319 1261 1404 εῖςμιμήν·

123 1423 205 1490 ratu
225 1449 260 1490 τε
285 1425 340 1490 διὰ
361 1428 506 1510 σπουδῆς
526 1427 662 1490 ἐποιεῖτο
677 1425 792 1508 πάσης,
815 1422 848 1488 ἔν
863 1445 897 1488 τε
910 1430 976 1498 τοῖς
987 1417 1153 1506 πρδςτοδς
1166 1415 1261 1483 ὅθεν·

159 1524 302 1609 δήποθεν
320 1527 473 1612 πρέσβεις
494 1531 752 1612 χρηματισμοῖς,
771 1524 832 1588 κιλν
852 1531 924 1600 ταῖς
944 1520 1025 1609 πρὸς
1049 1517 1222 1608 ἀρχιερέας
1238 1511 1263 1602 ή

156 1647 248 1702 τινας
268 1631 332 1694 τοῖν
353 1630 465 1715 σοφοῖν
476 1625 627 1709 δμιλιάις,
650 1622 739 1710 ήκσί
753 1621 860 1702 ἄλλοις
871 1623 939 1690 τισὶ
951 1623 1056 1709 λόγοις
1071 1617 1127 1686 τδν
1141 1617 1261 1704 ιῖκροα-

157 1722 215 1807 τήν
236 1727 367 1792 δοκοῦσι
388 1727 601 1812 σανεεσδτερσν
622 1731 725 1792 ποιεῖν
744 1721 871 1803 ἑαυτοῦ,
894 1731 1045 1809 παρεῖναι
1064 1719 1122 1784 καί
1140 1717 1261 1804 ἀκροᾶ-
1285 1746 1288 1752 ·

156 1826 302 1892 σθαιτδν
312 1828 463 1912 Μιχαήλ·
486 1828 515 1892 εἰ
527 1827 562 1891 δέ
575 1847 651 1892 ποτε
662 1825 858 1908 συμβεβήκει
876 1822 931 1892 τδν
939 1819 1079 1905 Μιχαὴλ
1089 1819 1134 1904 μή
1145 1825 1290 1904 ποριεῖ-Ρ

124 1935 214 1990 15ναι
228 1935 300 2004 ταῖς
316 1929 538 2013 δμωνιστικαῑς
554 1925 696 2009 δμιλιάις
711 1927 768 1990 τοῦ
778 1924 948 2007 βασιλέως,
967 1925 1167 2008 μετεκαλεῖτο
1186 1921 1260 1984 τοδ-

154 2047 209 2088 τον
232 2025 288 2092 διὰ
309 2031 436 2093 πολλῶν
456 2025 499 2104 ὥς
521 2027 561 2111 δή
581 2051 614 2092 τι
633 2020 797 2112 προῦργου
809 2027 920 2092 ποιεῖν.
942 2016 1260 2108 σκοπὸςδήναῦτῷ,

153 2124 189 2190 εδ
217 2127 360 2212 ἐμφανὲς
379 2129 449 2210 μὲν,
472 2126 516 2204 οἷς
546 2126 584 2192 δν
609 2126 697 2214 αὐτῷ
718 2127 912 2213 περιποιήσῃ
934 2124 1028 2210 τιμήν
1049 2122 1105 2188 nol
1119 2119 1261 2204 Ῥωμαί-

157 2248 215 2300 ους
232 2230 327 2314 πείσῃ
346 2225 391 2304 ὥς
406 2228 522 2314 ε’γγόνῳ
534 2227 693 2310 βασιλέως
708 2226 797 2312 αὐτῷ
808 2227 988 2312 προσέχειν
1011 2229 1052 2312 τῇ
1065 2227 1095 2290 δ’
1114 2224 1260 2312 ἀληθεία,
1284 2249 1291 2265 “

155 2324 238 2410 πρὸς
258 2326 294 2390 τδ
314 2327 529 2410 μελετώμενον
553 2327 648 2394 αὐτὸν
672 2331 729 2412 τῆς
759 2328 862 2412 ἀρχῆς
881 2329 1055 2410 ἔξασιιῆσοιι
1076 2321 1176 2407 baruc,
1204 2326 1261 2390 καί
1291 2326 1294 2333 ’

122 2422 239 2509 λῦπρδς
257 2435 373 2511 πεῖραν
390 2425 561 2515 ἅναμοιγεῖν
577 2429 762 2513 διοικήσεως
775 2429 971 2514 πραγμάτων
979 2429 1165 2509 βασιλικῶν.
1187 2424 1260 2490 καί·

156 2549 206 2591 τοι
227 2550 263 2612 γε
287 2525 382 2603 αὐτὸς
400 2526 418 2593 δ
439 2528 591 2611 βασιλεὺς
610 2531 812 2615 Ἀνδρόνικος
832 2528 914 2612 μετὰ
933 2526 991 2603 τὰς
1011 2526 1198 2609 συμβάσεις,
1223 2522 1262 2600 ἃς

157 2626 480 2714 ἐποιήσστοπρδςτδν
488 2628 677 2717 ἔγγονσνκαί
681 2631 820 2714 βασιλέα
828 2619 1260 2714 τδννέονἈνδρόνικον,ἓαιι-

157 2724 212 2791 τὸν
232 2728 456 2811 ε’ξαιτιιδμενος
477 2730 553 2815 περὶ
572 2732 703 2813 τούτου,
736 2731 792 2796 οὖν
815 2734 850 2796 ἐκ
870 2730 1033 2817 περινοίας
1056 2723 1140 2801 τινδς
1160 2721 1182 2811 ἢ
1201 2748 1260 2789 κα-

228 2840 273 2894 21.
290 2842 387 2893 καίτοι
405 2854 438 2909 ye
457 2841 500 2895 tir.
521 2861 570 2913 pro
590 2848 683 2897 notior
700 2862 739 2898 τε.

158 2936 258 2990 lunum
279 2955 311 2990 ex
329 2947 413 2991 matre
432 2940 481 2992 vili
502 2949 529 2993 et
547 2942 665 3010 ignobili
686 2944 773 3006 traxit,
792 2942 898 3009 luitque
917 2948 1006 2995 cetera
1026 2954 1137 3008 qnoque
1156 2936 1259 2991 nullius

157 3010 245 3077 pretii.
283 3008 347 3061 llam
376 3026 465 3079 neque
498 3012 540 3064 illi
568 3015 709 3084 ingenium
736 3013 881 3081 prudentia
907 3012 1036 3063 munitum
1066 3018 1137 3074 erat,
1170 3024 1260 3077 neque

157 3078 311 3133 liberalium
347 3081 551 3149 disciplinarum
589 3086 712 3151 peritiam
750 3084 852 3149 ullam,
889 3098 978 3151 neque
1012 3082 1136 3133 militaris
1167 3083 1260 3133 scien-

157 3153 210 3203 tiae
240 3154 462 3205 exercitationem
493 3156 537 3207 vel
565 3158 745 3219 mediocrem,
776 3172 866 3223 neque
892 3154 997 3207 demum
1026 3160 1260 3222 quantamcunque
1326 3151 1330 3159 “

157 3222 275 3275 indolem
302 3225 335 3275 ad
364 3224 448 3276 ullum
475 3228 675 3280 adolescentiae
700 3229 783 3285 decus
809 3235 835 3279 et
853 3234 1036 3279 ornamentum
1055 3240 1121 3292 pree
1138 3241 1168 3276 se
1189 3224 1258 3275 tulit.
1344 3259 1353 3279 t

157 3291 249 3345 b'ilrilo
275 3302 361 3347 tamen
391 3298 480 3347 secius
507 3299 651 3351 vehemens
675 3299 762 3353 libido
788 3299 972 3351 Andronicum
999 3300 1186 3363 imperatorem
1213 3297 1264 3362 in·,

158 3368 241 3429 rasit,
267 3373 295 3417 ut
318 3368 478 3421 omnimodis
504 3368 536 3420 ab
562 3373 634 3423 omni
659 3369 738 3423 laude
764 3373 874 3437 inopem
896 3368 1117 3436 splendidissimo
1144 3375 1171 3420 et
1189 3366 1259 3420 altae

157 3438 294 3491 cuiusdam
317 3442 412 3491 mentis
437 3440 532 3509 indigo
555 3441 860 3509 principatuiRomano
886 3440 1097 3507 praeficiendum
1121 3442 1259 3492 existima·

158 3516 205 3561 ret.
241 3508 316 3575 Ergo
335 3509 380 3561 ubi
400 3510 544 3565 eonsilium
563 3515 711 3581 expedivit,
728 3514 797 3565 nibil
818 3513 977 3565 morandum
999 3520 1079 3576 ratus,
1099 3510 1258 3564 bliebaelem

157 3582 366 3645 consuetudine,
391 3585 572 3653 convictuque
600 3586 688 3636 metris
715 3592 901 3654 segregatum,
930 3584 1106 3635 domesticum
1131 3599 1208 3635 suum
1234 3589 1260 3634 et

156 3651 377 3705 contubernalem
406 3654 486 3716 lecit3
518 3672 534 3707 a
561 3656 645 3708 latere
669 3668 724 3709 ¹nuo
754 3670 889 3723 nunquam
916 3656 1057 3709 discedere
1086 3670 1179 3721 passus
1209 3660 1259 3717 est,

156 3731 182 3777 et
199 3739 389 3794 quaecumque
407 3726 528 3795 legitime
548 3730 680 3797 generatis
700 3728 850 3779 honorilice
868 3725 1060 3792 tribuerentur,
1078 3730 1106 3779 in
1126 3726 1167 3777 bis
1182 3741 1259 3777 eum-

155 3797 214 3847 dem
239 3798 337 3863 primas
363 3797 433 3849 lerre
460 3798 557 3851 voluit.
597 3800 707 3867 lnsuper
734 3800 813 3851 enixe
842 3813 950 3865 opernm
978 3799 1069 3862 dedit,
1098 3805 1127 3849 ut
1154 3799 1182 3847 in
1212 3813 1258 3849 re-

155 3869 261 3933 sponsis
282 3870 313 3921 ad
333 3868 484 3935 legationes
504 3872 646 3925 undeunde
665 3873 773 3933 missas,
799 3878 825 3921 et
842 3872 871 3921 ia
891 3871 1081 3939 congressibus
1106 3885 1166 3919 curn
1193 3870 1257 3935 epi-

155 3940 246 4005 scopis
266 3945 312 3990 eut
333 3956 393 3991 curn
414 3943 478 3993 viris
497 3942 676 4010 sapientibus,
699 3942 797 3993 aliisve
816 3944 844 3993 in
864 3940 1028 4010 colloquiis,
1054 3956 1125 4009 quae
1145 3939 1256 3991 auscul-

155 4017 267 4063 tatorem
285 4013 430 4079 semetipso
455 4016 654 4081 prudentiorem
683 4013 812 4066 effectura
836 4015 1005 4077 viderentur,
1030 4028 1120 4065 coram
1139 4011 1255 4064 llicbael

156 4084 362 4150 messemque
383 4085 538 4139 attenderet.
575 4086 638 4151 Sin,
665 4088 827 4152 imperatore
852 4088 1019 4150 disceptante
1039 4100 1098 4137 eum
1119 4086 1256 4152 quopiam,

155 4153 226 4205 forte
248 4154 355 4207 fortuna
377 4155 498 4221 abesset,
524 4158 647 4225 pluribus
672 4159 799 4209 continuo
827 4159 935 4219 missis,
960 4164 989 4207 ut
1009 4172 1135 4225 magnum
1156 4170 1257 4223 operae

155 4226 270 4291 pretium
290 4228 408 4291 iaciens,
434 4244 493 4279 eum
512 4228 672 4283 advocabat.
708 4230 742 4280 At
757 4222 861 4296 ⁸scopus
881 4229 990 4297 quidem
1011 4231 1070 4281 eius
1090 4229 1255 4294 inspeciem

156 4304 225 4361 erat,
246 4306 289 4362 ut,
315 4298 356 4349 bis
377 4300 524 4353 rationibus
543 4302 585 4353 illi
607 4302 737 4353 bonorem
757 4303 996 4366 auctoritatemque
1015 4307 1181 4366 compararet
1199 4300 1256 4351 tto-

155 4372 294 4439 manisque
322 4370 398 4423 velut
417 4356 540 4439 nepotem
563 4376 732 4441 imperatoris
751 4374 896 4427 colendum
918 4371 1173 4439 observandumque
1191 4386 1256 4438 per·
