3025 4900
250 338 297 394 ta
651 329 936 398 cauracuzartr

209 493 442 582 D‘Asdpdrtaev
461 493 518 560 καί
535 489 697 575 Μανουήλ
717 489 771 556 τόν
793 490 957 576 δεσπότην,
979 489 1037 557 καί
1055 489 1246 576 θυγατέρας,
1259 485 1340 558 Ἀγ.

241 619 299 662 ναν
309 596 365 661 καί
376 592 559 678 Θεοόάραν.
572 587 618 659 “A
630 590 689 674 μὲν
707 583 763 656 esis
779 590 979 676 συμβέβηκεν
990 589 1044 657 ἐπὶ
1058 592 1120 656 τῶν
1137 588 1339 676 ἀναγεγραμ-

240 693 345 776 μένων
364 690 533 777 βασιλέων,
555 688 617 755 ἀπό
639 693 702 757 τάν
723 692 780 754 τοῦ
799 690 954 777 Λάσκαρι
967 692 1095 777 χρόνων
1109 685 1186 775 ἀχρι
1198 686 1340 772 Μιχαὴλ

240 795 401 877 βασιλέως
428 793 485 859 τοῦ
509 794 572 858 τῶν
598 790 835 876 Παλαωλόγων
863 789 1031 879 δευτέρου,
1061 797 1191 869 πολλοῖς
1219 791 1339 876 ἐγένετο

232 876 704 980 σογγράψασθαισπσόόασμα
726 890 764 954 οὗ
782 892 909 980 μικρόν·
931 894 964 972 ἔξ
986 883 1030 957 ὧν
1054 891 1147 967 αότός
1167 913 1202 956 τε
1219 887 1260 956 σύ
1281 889 1384 958 scib‘

244 989 277 1058 εἴ
290 1017 338 1070 τις
356 993 462 1079 ἔτερος
479 991 635 1076 βοάλοιτο,
656 992 810 1077 δυνηθείη
828 988 870 1056 ἀν’
889 993 1029 1080 ἀκριβάς
1049 993 1169 1075 μαθεῖν
1189 990 1340 1074 sapienia

180 1094 482 1180 Edncupaypdrow·
524 1091 558 1158 εἴ
572 1113 608 1177 γε
627 1089 673 1176 μή
694 1091 843 1170 κάκεῖνοι,
864 1099 936 1170 ταῖς
954 1089 1210 1180 προρρηθειλταις
1228 1093 1342 1172 ἐνσχε-

243 1193 350 1274 θόντες
372 1197 506 1276 αἰτίαις,
519 1193 554 1260 τό
574 1194 635 1277 μὲν
656 1190 765 1277 ἀληθῆ
785 1193 888 1279 λέγειν
908 1189 1022 1258 εἴασαν
1040 1192 1179 1276 χαίρειν,
1202 1189 1342 1259 adroldi

242 1291 330 1372 ὅπως
356 1299 432 1365 ποτὲ
460 1295 574 1378 ἔτυχον
595 1295 787 1377 διακείμενοι
808 1293 885 1380 περί
904 1283 949 1359 ὧν
976 1290 1166 1378 διελέγοντο,
1196 1288 1278 1357 οὕτω
1301 1290 1342 1377 δή

241 1396 298 1465 καί
322 1397 379 1484 τήν
401 1401 545 1486 διήγησιν
568 1393 737 1460 ἀπέδωκαν
765 1396 828 1458 τάν
858 1395 1069 1480 πραγμάτων,
1098 1391 1206 1477 άρκεῖν
1234 1391 1379 1469 αάτοῖςιο

240 1495 409 1582 ήγοόμενοι
421 1497 503 1583 πρὸς
516 1496 721 1577 ἀντιμισθιάν
736 1495 800 1559 τοῖν
812 1492 926 1572 πόνων,
938 1490 959 1579 ἢ
971 1491 1026 1559 τόν
1040 1492 1229 1580 φιλούμενον
1246 1493 1340 1557 ἀπαι-

240 1596 349 1676 νέσαι,
371 1593 393 1684 ἢ
412 1595 466 1663 τόν
485 1593 677 1681 μισούμενον
697 1597 915 1682 καθυβρίσαι,
936 1598 992 1679 τῆς
1015 1596 1044 1658 d'
1067 1591 1223 1678 ἀληθείας
1240 1591 1342 1675 μηδὲν

213 1700 476 1787 Βφροντίσαντες.
496 1697 529 1775 ἔξ
549 1692 625 1761 όταν
645 1689 714 1760 δ”ό
734 1693 888 1786 βασιλεὺς
899 1693 1050 1780 Μιχαήλ,
1072 1695 1135 1758 τῶν
1150 1691 1340 1757 Παλαιολό-

240 1825 306 1887 γων
328 1799 346 1865 ό
368 1792 657 1884 όεότεροςδηλαόή,
677 1797 734 1860 τοῦ
752 1797 912 1881 ’παρόντος
934 1795 1054 1879 ἀπέστη
1076 1793 1171 1878 βίον,
1195 1789 1217 1877 ἢ
1237 1790 1342 1867 οὐδεὶς

243 1899 468 1986 σονεγράψατο
479 1896 520 1964 τά
533 1903 600 1962 τοῖν
611 1896 1016 1988 βασιλίσινέξειργασμένα
1037 1893 1071 1960 ἔν
1083 1916 1117 1958 τε
1134 1900 1200 1970 τοῖς
1214 1893 1380 1978 εἰρήνηςῙῡ

242 2009 367 2088 καιροῖς
387 2001 443 2066 καί
462 2001 495 2066 ἐν
518 1990 564 2076 οἷς
584 1996 660 2083 περί
678 2001 735 2084 τής
748 1998 853 2085 ἀρχῆς
866 2000 1067 2082 ἐπολέμησαν
1081 1995 1163 2080 πρὸς
1175 1995 1339 2079 ἀλλήλους

242 2099 263 2186 ἢ
282 2100 347 2188 εἴγε
369 2103 424 2168 καί
445 2099 681 2186 συνεγράψατο,
705 2097 762 2162 οάκ
781 2096 821 2164 ἀν
842 2093 933 2183 οἶμαι
953 2097 1108 2184 καθαρῶς
1118 2099 1173 2181 τῆς
1185 2095 1341 2180 ἀληθείας

244 2203 338 2270 αὐτόν
367 2203 585 2292 ἐφάπτεσθαι,
616 2193 671 2266 άτὲ
695 2199 734 2284 δή
762 2201 825 2266 ταῖν
849 2199 1044 2286 πραγμάτων
1076 2198 1194 2284 ἀκριβῆ
1221 2197 1339 2282 γνῶσιν

244 2303 301 2370 ouis
322 2303 491 2390 ἐσχηκότα,
509 2303 634 2366 πολλάν
658 2299 691 2368 όν
714 2301 809 2388 όλίγιρ
828 2301 936 2390 χρόνῳ
958 2299 1014 2366 καί
1034 2297 1187 2364 ποικίλων
1210 2315 1339 2378 συνενε-

213 2405 397 2488 crudem.
420 2401 469 2471 διό
492 2402 533 2469 σά
552 2425 586 2469 τε
606 2403 711 2481 καλάς
729 2401 882 2487 ἐποίησας
901 2399 992 2488 παρὰ
1009 2401 1066 2467 τοῦ
1089 2399 1204 2486 σαφῶς
1223 2396 1384 2474 είόότοςθο

243 2504 400 2589 ἐθελήσας
419 2507 547 2588 μαθεῖν,
570 2502 631 2589 ἒγιά
652 2524 685 2568 τε
704 2506 806 2589 μηδὲν
820 2505 990 2589 μελλήσας,
1010 2503 1071 2587 τήν
1088 2498 1231 2585 διήγησιν
1243 2496 1342 2583 ἐκθή-

243 2627 343 2688 σομαι
363 2606 426 2669 τοῖν
447 2604 651 2693 πραγμάτων,
671 2604 728 2690 τῆς
750 2603 904 2690 ἀληθειλις
927 2602 1127 2691 προτιμήσας
1146 2600 1257 2686 μηδέν.
1306 2591 1311 2613 ’

242 2770 383 2823 druuicum
402 2771 605 2838 imperatorem,
634 2779 660 2825 et
679 2772 830 2827 llanuelem
852 2775 1005 2841 despotam‚
1029 2770 1169 2825 muliebris
1187 2777 1274 2823 autem
1294 2786 1341 2821 ae-

241 2856 292 2895 xus
315 2841 418 2895 Annam
444 2849 470 2894 et
493 2840 660 2897 Th'eoderam
685 2861 717 2897 cx
741 2860 774 2897 ee
796 2848 925 2913 suscepit.
966 2845 1041 2910 Quae
1064 2852 1150 2897 autem
1175 2840 1341 2911 temporibus

241 2914 448 2980 imperatorum,
468 2930 535 2983 quos
554 2916 717 2982 supradixi,
737 2932 754 2969 a
773 2914 916 2970 Theodoro
936 2916 1041 2969 laucari
1060 2931 1146 2985 usque
1165 2914 1198 2967 ad
1217 2913 1340 2967 blicbae-

241 2985 294 3037 λειω
314 3000 346 3037 ex
365 2983 535 3055 Palaeulogis
553 2986 700 3040 secundum
725 2995 785 3040 acta
807 2996 884 3052 sunt,
908 2991 936 3041 in
960 2991 995 3041 iis
1013 2987 1197 3041 describendis
1214 2984 1341 3053 complu-

241 3072 284 3110 res
304 3056 511 3125 diligentissime
532 3057 716 3111 elaborarunt:
740 3060 857 3113 undeet
876 3069 919 3123 tu,
947 3068 975 3113 et
998 3060 1095 3129 quibus
1119 3057 1231 3122 libebit,
1256 3072 1341 3109 accu-

240 3133 323 3181 ratam
342 3144 430 3181 rerum
450 3129 635 3197 cognitionem
654 3132 762 3197 possitis
780 3146 891 3198 parare,
914 3133 967 3183 nisi
987 3132 1057 3184 torte
1076 3132 1155 3182 etiarn
1174 3128 1233 3193 illi,
1258 3144 1341 3196 prae·

241 3200 373 3251 dictorum
391 3202 431 3252 rei
449 3201 606 3267 criminum,
626 3203 765 3255 veritatem
784 3201 877 3254 valera
896 3204 1045 3265 iusserunt,
1065 3208 1092 3253 et
1109 3207 1190 3267 prout
1208 3216 1273 3269 erga
1292 3214 1341 3252 eos

242 3278 316 3323 erant
335 3271 460 3336 animati,
481 3272 514 3324 de
534 3271 631 3339 quibus
650 3272 835 3339 exponebant,
854 3274 892 3324 ita
908 3288 997 3325 rerum
1015 3271 1094 3325 nobis
1112 3274 1266 3325 memoriam
1284 3278 1341 3323 tra-

241 3342 374 3405 diderunt,
393 3344 456 3395 satis
475 3357 597 3411 magnam
617 3344 673 3395 suis
690 3342 830 3396 laboribus
848 3344 999 3396 mercedem
1017 3349 1160 3397 statuentes
1179 3343 1222 3397 vel
1242 3346 1342 3395 inimo-

241 3413 303 3466 dice
322 3415 508 3467 commendare
528 3430 596 3482 quos
615 3414 772 3483 diligerent,
793 3414 838 3467 vel
857 3414 1037 3483 despicabiles
1055 3415 1169 3468 reddere
1188 3415 1343 3483 quosodis-

241 3491 315 3548 sent,
343 3487 463 3537 veritatis
481 3487 611 3538 rationem
630 3485 759 3537 hebentes
775 3486 886 3538 nullam.
922 3486 1202 3540 marcescentem
1221 3485 1343 3538 dlicbae·

243 3554 443 3625 lisPalaeologi
463 3558 575 3611 secundi
595 3564 640 3610 aut
657 3572 734 3610 neme
755 3558 893 3627 quisquam
914 3574 983 3627 quae
1001 3559 1035 3611 ab
1054 3559 1343 3629 utroqneirnperatore

243 3633 269 3679 et
287 3628 360 3694 pecie
378 3627 544 3695 temporibus
563 3635 591 3681 et
602 3627 687 3693 bello,
707 3630 735 3679 in
754 3644 808 3697 quo
823 3631 857 3683 de
868 3632 983 3697 imperio
997 3630 1167 3694 dimicarunt,
1186 3637 1261 3699 gesta
1271 3638 1343 3693 sunt,

191 3704 200 3714 “
243 3700 414 3766 conscripsit:
443 3705 488 3751 ant
510 3701 533 3751 si
559 3702 653 3765 etiem,
681 3714 736 3753 non
764 3716 824 3753 eum
851 3700 967 3753 arbitror
993 3704 1174 3769 incorruptum
1204 3702 1342 3753 veritatem

243 3771 379 3839 attigisse:
408 3776 500 3838 utpote
526 3779 649 3824 accurata
675 3778 810 3841 gestorum
836 3773 994 3843 cognitione
1018 3774 1187 3839 destitutum,
1216 3772 1342 3841 quando·

243 3840 351 3910 quidem
371 3840 441 3894 band
460 3842 500 3893 ita‘
517 3840 602 3909 longo
622 3843 769 3897 intervallo
794 3842 877 3897 multa
901 3852 928 3896 et
951 3848 1026 3897 varia
1050 3848 1230 3914 contigerunt.
1266 3842 1343 3907 Quo·

243 3915 317 3965 circs
335 3928 394 3965 cum
411 3920 439 3965 tu
458 3915 605 3980 prudenter
623 3915 705 3977 lacis,
730 3914 763 3967 ab
783 3930 816 3967 eo
836 3916 962 3983 accipere
981 3916 1030 3969 illa
1048 3917 1220 3981 desiderans,
1242 3917 1289 3983 qui
1309 3930 1342 3967 ea

244 3986 391 4037 certissime
411 3987 504 4038 novit:
524 3994 578 4038 ture
599 4000 652 4055 ego
671 3986 741 4039 nihil
761 3989 972 4055 procrastinans,
990 3988 1083 4041 eadem
1102 4004 1180 4057 quam
1199 3987 1342 4041 verissimo

243 4055 388 4122 explanare
406 4058 548 4125 occipiunt.
820 4076 824 4081 ·

592 4257 990 4271 Ἣ
