3025 4900
279 334 332 418 32
667 354 979 422 causacionem

112 533 151 590 Ἀ.
160 531 190 588 C.
199 525 348 588 lstocdm
371 543 423 586 σοι
442 521 624 603 flaccinis!
650 517 859 605 όντεμήνυσεν
882 519 970 608 αύτῷ
989 523 1046 585 νύν
1063 521 1119 586 καί
1138 519 1242 601 αύτός,
1264 521 1309 598 οἷς
1331 519 1382 608 „ii-

277 622 418 710 supiiciter
439 619 568 704 ἐζήτεις,
589 621 757 706 γενήσεται
776 622 843 712 νύν,
864 624 920 686 καί
940 622 1046 706 ἕτερος
1065 620 1135 685 ἀντὶ
1150 622 1210 685 σού
1226 624 1370 707 προβλη-

277 722 409 805 θήσεται
431 721 591 804 βασιλεύς,
614 725 672 786 σού
692 721 749 798 τὰς
768 722 896 807 πρώτας
911 726 990 807 παρ’
1004 721 1104 786 αύτοῦ
1116 719 1209 804 τιμὰς
1225 745 1370 807 καρπου-

275 825 404 906 μένου-.“
429 821 508 904 πρός
530 824 626 887 ταῦθ’
651 820 673 884 ό
692 821 762 898 νόος
779 822 981 906 Ἀνδρόνικος
1011 821 1201 907 ἀπεκρίνατο
1228 823 1369 886 τοιαῦτα·

196 931 223 984 Ρ.
232 931 266 983 23
361 924 397 1004 ζ’.
420 927 518 1010 ,Τοῖς
528 925 561 1001 ἐξ
574 921 671 1007 ὀργῆς
681 917 702 1006 ή
713 921 811 1007 λύπης
823 919 844 1007 ἤ
854 947 935 1000 τινος
946 927 1008 987 τῶν
1018 923 1169 988 τοιούτων
1178 919 1388 1008 τεταραγμί-6

194 1036 224 1088 V.
235 1037 266 1090 19
274 1047 341 1099 νοις
361 1023 434 1098 τούς
455 1019 624 1108 λογισμούς
647 1021 825 1086 ἀκόλουθόν
847 1023 926 1102 ἔστι,
947 1023 1027 1107 μήθ’
1040 1015 1084 1087 ὧν
1094 1025 1224 1109 λέγουσι
1232 1023 1314 1106 μήθ’
1325 1012 1371 1086 ὧν
1431 1055 1437 1062 -

138 1119 140 1122 ’
277 1126 441 1208 όροῖσινέν
454 1131 519 1199 τοῖς
533 1110 588 1206 τῆς
605 1125 749 1208 ταραχύς
766 1130 889 1207 καιροῖς
907 1123 1144 1208 παρακατέχειν
1157 1121 1215 1205 τήν
1232 1123 1369 1206 μνήμην.

275 1222 356 1290 ύπου
379 1224 440 1310 γὰρ
463 1223 543 1307 μήθ’
565 1214 824 1308 ὧνπρόττουσιν
845 1223 1055 1289 αἰσθάνονται
1076 1220 1135 1288 κόν
1155 1224 1237 1308 πρὸς
1250 1220 1370 1307 βραχύ,

276 1329 381 1412 σχολῇ
399 1331 427 1410 γί
456 1321 492 1388 όν
513 1323 725 1406 μεμνήσονται
747 1325 848 1410 λόγων
870 1323 1131 1410 παρεῤῥυηκότος
1138 1323 1269 1410 χρόνου.
1293 1321 1323 1388 οἱ
1336 1323 1371 1387 dd

274 1449 310 1512 γε
327 1425 418 1508 παρό
435 1424 637 1507 τινος,λόγοις
652 1417 867 1509 ήπρύγμασιν
884 1423 1145 1508 εὐεργετούμενοι,
1162 1424 1218 1490 καί
1229 1423 1277 1499 εἰς
1292 1428 1408 1486 notaio

238 1523 243 1539 '
276 1526 348 1604 λούς
365 1527 528 1599 ἐνιαυτούς
545 1523 600 1607 τήν
611 1525 737 1609 μνήμην
751 1523 1012 1607 παρακατέχουσι
1025 1527 1088 1588 τῶν
1104 1518 1370 1608 εὐεργετημάτων.

275 1623 397 1711 ἡμέρου
417 1623 479 1710 γὰρ
501 1619 595 1709 ούσης
615 1627 670 1710 τῆς
689 1626 801 1707 ψυχῆς
822 1625 878 1688 καί
898 1623 1131 1707 καθεστηκυίας
1153 1623 1209 1687 καί
1229 1631 1303 1698 ταῖς,
1321 1621 1370 1684 eii·

243 1755 246 1766 ·
275 1725 434 1810 εργεσιάις
454 1725 655 1810 όνηύομὲνης,
677 1721 720 1800 ὥς
742 1726 776 1789 ἐν
794 1725 908 1810 χαλκῷ
930 1724 1101 1807 συμβαίνει
1119 1725 1175 1788 καί
1191 1725 1255 1787 ταῖν
1270 1723 1371 1806 λόγων

275 1825 330 1889 καί
349 1827 412 1889 τῶν
435 1823 537 1910 ἔργων
558 1825 813 1910 όγκολόπτεσθαι
832 1824 889 1899 τὰς
908 1824 1045 1908 μνήμας.
1069 1824 1125 1889 καί
1145 1821 1241 1899 αύτός
1254 1823 1370 1900 τοίνυν,

245 1919 459 2008 Βύβασιλεῧ,
474 1916 516 1988 ύν
531 1927 590 2008 μὲν
609 1927 816 2014 ἐφθεγξάμην
832 1929 866 1993 όν
886 1918 1148 2011 οἶςήγανύκτοον,
1159 1924 1405 2008 ἐπιλίλησμαιλδ

157 2103 160 2119 Ι
276 2026 444 2102 παντελῶς·
467 2015 510 2087 ὧν
533 2026 563 2089 d’
583 2025 728 2110 ήκηκύειν
741 2026 996 2112 εὐεργετούμενος
1008 2025 1098 2108 παρὰ
1110 2026 1179 2110 σού,
1195 2021 1369 2104 ούταςέχα

160 2126 162 2140 '
273 2121 330 2208 τήν
350 2125 475 2208 μνήμην
498 2124 661 2190 ἀνθοῦσαν
680 2129 735 2191 καί
755 2125 888 2209 νεαρόν,
915 2123 960 2212 οἷς
981 2129 1084 2190 doaso
1105 2121 1195 2188 ούπω
1215 2125 1296 2205 χθὲς
1315 2123 1371 2186 καί

272 2225 386 2308 πριόην
410 2222 587 2307 ἀκηκοέναι.
620 2225 677 2290 καί
695 2229 731 2291 σὲ
756 2227 791 2290 δὲ
811 2225 906 2292 αύτὸν
926 2228 1113 2311 ἐλογιζόμην
1134 2224 1188 2289 τόν
1210 2220 1281 2288 ἴσον
1297 2220 1371 2305 ἐμοί

277 2327 464 2418 διακεῖσθαι
485 2325 613 2409 τρόπον,
634 2325 689 2391 καί
710 2319 1052 2412 οἷνμὲνόργιζύμενος,
1068 2326 1226 2412 ἐφθέγξω,
1247 2321 1302 2407 τήν
1311 2347 1369 2387 τα-

274 2424 389 2508 χίστην
411 2422 467 2508 τήν
489 2423 614 2510 μνήμην
638 2425 821 2509 ἀποβαλεῖν,
845 2419 889 2492 ὧν
912 2427 948 2492 dd
962 2425 1190 2512 εύηργότηκας,
1215 2423 1407 2509 όσφαλῶςλο

276 2526 521 2609 παρακατέχειν.
544 2528 599 2591 νύν
621 2529 656 2593 δὲ
675 2526 854 2593 τούναντίσν
877 2525 962 2591 ἅπαν
984 2525 1052 2612 doci
1072 2528 1259 2609 συμβαῖνον.
1297 2520 1371 2599 τούς

274 2624 336 2709 γὰρ
349 2626 405 2709 τῆς
423 2624 549 2712 εἰρήνης
562 2628 674 2712 λόγους
685 2630 783 2715 βυθῷ
795 2628 912 2713 Λήθης
927 2626 1087 2713 φέρεσθαι
1101 2622 1278 2712 παραδούς,
1297 2620 1371 2698 τούς

349 2778 375 2833 5.
393 2778 503 2847 Graeca,
519 2785 629 2853 quaein
645 2798 693 2837 ms.
707 2786 861 2852 interpretis
878 2784 925 2836 bic
938 2748 1173 2848 desiderabuntrir,
1189 2784 1295 2851 integra
1314 2795 1370 2833 no·

345 2860 399 2905 ster
419 2853 542 2906 babebat.
562 2854 622 2909 Eu.
643 2854 672 2908 P.

274 2998 425 3063 sirmiam,
442 2998 524 3051 alium
544 3014 592 3068 pro
607 2999 732 3053 arbitratu
746 3002 934 3067 imperatorem
948 3006 1048 3053 creato.
1074 2996 1169 3068 imque
1181 3014 1252 3051 nunc
1265 3012 1369 3050 rennn-

273 3071 336 3121 tiari
360 3070 446 3122 sidem
469 3072 536 3122 bsec
555 3073 646 3124 iussit:
667 3072 743 3136 Quod
765 3072 911 3142 atiquaudo
933 3070 1115 3135 desiderabas,
1135 3072 1193 3123 eins
1214 3086 1284 3121 nunc
1306 3070 1368 3121 taxo

275 3156 385 3208 compos
403 3142 466 3193 iias:
489 3144 559 3195 atius
578 3146 648 3196 enim
668 3146 696 3195 in
716 3142 807 3195 locum
825 3152 897 3195 tuum
919 3145 1064 3211 imperator
1082 3144 1245 3206 miscetur,
1275 3142 1321 3209 qui
1340 3148 1368 3193 te

273 3216 382 3338 pomaria
396 3212 549 3267 honestabit
565 3215 722 3267 bonoribus.
751 3213 824 3267 Tunc
838 3215 946 3285 quidem
960 3216 1130 3268 Andronicus
1145 3215 1197 3266 Ιιοο
1210 3228 1368 3281 responsum

293 3286 356 3337 edit.

345 3354 370 3409 7.
408 3354 459 3419 Qui
476 3356 526 3420 ira,
546 3354 652 3419 dolore,
670 3360 716 3405 snt
735 3352 790 3406 alio
810 3355 935 3422 quopiam
961 3353 1058 3406 affecto
1077 3355 1256 3420 concitentur,
1277 3368 1367 3421 neque

276 3428 338 3498 qaid
360 3428 477 3481 dixerint
496 3429 522 3479 in
542 3425 590 3478 iila
604 3426 806 3493 perturbatione
818 3440 908 3493 neque
926 3426 991 3494 quid
1011 3426 1135 3489 iecerint,
1150 3427 1303 3477 meminisse
1318 3440 1367 3476 so·

274 3498 339 3553 icat
376 3496 440 3550 Cum
467 3500 538 3551 enim
564 3514 618 3550 non
645 3499 762 3549 sentiant
785 3496 828 3549 vei
854 3498 887 3549 ad
906 3500 1039 3565 exiguum
1053 3504 1169 3563 tempus,
1190 3497 1255 3566 qnid
1275 3503 1366 3565 agant,

273 3571 357 3624 muita
377 3572 464 3621 minus
485 3568 628 3622 verborum
647 3569 850 3636 praeteritorum
870 3570 1006 3621 recordari
1026 3577 1135 3638 queunt.
1164 3567 1194 3619 in
1208 3582 1277 3635 quos
1297 3582 1363 3620 vero

274 3660 320 3697 sea
341 3642 423 3695 verbo
444 3656 491 3692 seu
511 3658 540 3692 re
558 3640 661 3709 aliquid
682 3640 765 3691 offleii
785 3640 910 3691 calistum
928 3648 978 3705 est,
997 3640 1039 3691 iiii
1059 3640 1103 3691 rei
1123 3640 1150 3690 in
1164 3639 1262 3690 mnitcs
1281 3654 1365 3691 annos

274 3721 446 3781 acceptorum
466 3715 618 3765 memoriam
638 3714 797 3765 custodiunt
827 3711 894 3774 Quis
912 3728 1028 3780 namque
1045 3712 1116 3762 mitis
1136 3726 1228 3763 eorum
1244 3710 1369 3778 beneque

276 3787 439 3852 compositus
458 3791 498 3835 est
515 3786 618 3836 animus
638 3792 664 3837 ct
689 3784 820 3837 beneficio
845 3784 1003 3848 delectatur,
1030 3783 1066 3846 iit,
1086 3790 1115 3833 ut
1132 3798 1192 3833 cum
1212 3782 1295 3835 verba
1312 3791 1367 3833 tum

275 3858 414 3911 benefacis
435 3855 476 3907 ilii
494 3863 624 3925 tamquam
646 3859 673 3909 ia
694 3872 739 3908 aes
759 3854 892 3922 insculpta
912 3857 1048 3907 haereant.
1075 3852 1116 3905 Ab
1135 3869 1176 3906 ma
1194 3870 1258 3907 sane
1275 3868 1367 3907 eorum

276 3944 345 3999 quae
367 3927 474 3979 locutus
493 3944 560 3992 sum,
578 3930 639 3981 dum
658 3926 795 3980 stomacho
815 3934 842 3979 et
859 3928 1039 3994 indignationi
1058 3926 1219 3991 serviebam,
1246 3926 1366 3977 iuuditus

275 4002 349 4067 cepit
368 3999 492 4051 obtiv‘iu:
515 4015 584 4067 quae
602 4008 688 4051 autem
701 4000 748 4051 abs
766 4006 794 4051 te
812 3998 877 4049 mibi
892 3998 1082 4051 benefacientes
1094 3999 1198 4062 audivi,
1219 3999 1256 4048 its
1272 3999 1368 4061 sipont

274 4076 304 4125 in
324 4078 435 4138 pectora
453 4084 523 4133 meo,
544 4078 573 4122 ut
595 4087 626 4123 eu
653 4086 703 4122 nee
725 4071 784 4122 heri
810 4070 916 4138 quidem
939 4086 971 4121 ac
989 4070 1192 4134 nudiustertius,
1216 4070 1263 4121 scd
1282 4069 1367 4121 bodie

275 4146 388 4213 primum
408 4142 450 4193 bis
469 4142 576 4195 susibus
595 4142 717 4195 hausisse
731 4149 889 4209 maputem.
917 4140 954 4193 'ic
972 4158 1037 4193 vcro
1050 4142 1165 4208 perinde
1183 4141 1308 4193 abiectum
1321 4156 1368 4192 re·

275 4214 338 4279 bsr;
358 4229 480 4283 quasque
493 4230 540 4282 per
554 4218 619 4267 iram
635 4216 854 4283 expromptum,
868 4228 960 4265 eorum
977 4214 1106 4265 citissima
1118 4212 1252 4265 abiecisse
1264 4228 1368 4264 memo-

276 4289 356 4339 riam:
376 4302 444 4355 quaa
462 4295 547 4339 sutem
560 4287 689 4340 beneficis
708 4288 735 4337 in
749 4302 792 4337 me
805 4285 984 4349 collocasses,
1003 4300 1034 4337 ea
1053 4291 1080 4336 te
1092 4287 1172 4336 etiam
1196 4287 1366 4352 atquectiam

276 4358 433 4417 recordaris
454 4358 529 4412 Nune
549 4360 638 4413 omnis
658 4356 711 4412 alis
730 4359 858 4411 evenisse
877 4355 1015 4425 intelligo.
1053 4355 1116 4409 iiam
1136 4370 1275 4409 mimonas
1292 4367 1367 4411 meet
