3025 4900
331 297 417 405 404
730 315 1011 384 CANTACULFM

187 481 438 565 λαιῖιρναχῶν
458 455 585 544 istriam
600 475 709 561 σχῆμα
726 471 785 559 ὕφ’
797 466 871 538 ὅτου
888 466 929 538 ἄν
949 471 1042 556 τύχοι
1060 464 1178 556 ποτρός
1193 463 1428 549 πνευματικοῦ.

331 577 372 646 ου’
396 579 427 644 δ’
446 571 545 650 αὐτὰς
563 571 619 638 καῖ
640 569 699 657 τήν
721 566 827 658 ἀρχὴν
849 573 895 649 εἰς
921 572 1015 636 τοῦτο
1037 567 1254 656 παρώρμησας
1273 565 1429 648 βασιλέα.

318 677 404 742 τότε
420 677 479 757 μὲν
493 663 583 756 οῧνῆ
603 667 730 756 ἀπειρία
747 666 833 755 sais}
851 663 963 754 ἄγνοια
982 661 1185 756 παρῃτήσατό
1204 687 1240 730 σε
1256 661 1303 748 μὴ
1317 663 1428 736 κακῶς

308 780 462 849 ιιιιαθεῖν·
503 767 544 836 civ
569 773 599 837 δ’·
625 763 720 845 αὖθις
746 779 813 846 τοῖς
831 769 940 845 αὐτοῖς
961 761 983 853 ἢ
1004 766 1061 832 καῖ
1080 769 1221 852 χείροσιν
1247 763 1428 847 ἐπιχειρῇς,

332 873 402 941 ἴσθι
421 869 465 957 μή
485 863 560 936 ἄνευ
575 875 728 957 τιμωρίας
745 863 943 948 ἀπαλλάξων.
983 869 1106 954 πρῶτον
1132 867 1192 946 μὲν
1210 859 1271 947 γὰρ
1300 861 1364 924 οὔκ
1390 863 1445 936 ἔξ5

331 975 451 1060 ἆγορᾶς
466 973 552 1036 ἐστιν
574 965 764 1054 ὠνήσασθαι
781 970 931 1051 βασιλέα,
963 959 1072 1031 sirtori
1092 957 1178 1040 ὄντος
1193 962 1428 1046 ἀποστερηθῶ-

227 1059 234 1074 ’
332 1094 408 1155 μεν,
434 1068 543 1134 ἔπειτα
564 1066 664 1133 εἶκαὶ
684 1069 771 1131 τοῦτ’
791 1069 879 1150 ἔξῆν,
912 1061 981 1129 ἀλλ’
997 1063 1053 1128 οὐκ
1067 1057 1108 1127 riis
1121 1058 1250 1150 τοιούτῳ
1266 1083 1302 1145 γε
1315 1057 1430 1124 ἐνετύ-

330 1191 431 1253 χομεν
445 1169 485 1232 τὰ
508 1163 610 1232 πάντα
632 1167 791 1253 βελτιστῳ.
813 1162 887 1240 τούς
906 1160 965 1247 γὰρ
986 1164 1158 1244 μέλλοντας
1171 1155 1325 1243 τοσαυιην
1340 1178 1428 1241 προ-

334 1265 468 1334 στασίαν
488 1263 787 1350 έγχειρισθήσεσθαι
806 1261 997 1350 πραγμάτων
1022 1258 1040 1325 si
1060 1258 1099 1325 rei
1117 1259 1220 1325 πάντα
1236 1257 1430 1343 προορώμε-

334 1389 389 1440 νος
412 1363 488 1441 θεὸς
519 1361 691 1447 ἀναλόγους
708 1360 788 1449 πρὸς
809 1360 844 1428 τὸ
869 1363 924 1447 τῆς
948 1361 1050 1448 ἀρχῆς
1072 1362 1204 1443 μέγεθος
1224 1361 1424 1442 δημιουργεῖ
1432 1379 1462 1419 ιο

336 1457 440 1540 ἄλλως
455 1486 489 1527 τε
495 1515 506 1546 ,
526 1461 636 1538 πόσοις
659 1463 722 1527 τῶν
740 1461 897 1546 νοσήμασι
923 1462 1033 1536 δεινοῖς
1048 1459 1258 1538 παλαιόντων,
1276 1452 1342 1520 ini
1362 1459 1427 1537 μὲν

335 1565 398 1629 τῶν
434 1563 553 1648 ἰατρῶν
585 1561 779 1646 συμβέβηκεν
814 1555 1073 1646 ἆπαγορευθῆναι
1107 1557 1163 1622 καί
1192 1559 1237 1632 εἰς
1271 1550 1357 1619 ariri
1386 1553 1423 1618 ri

337 1659 475 1745 ἔσχατον
491 1659 603 1724 δοκοῦν
628 1661 848 1745 κατηντηκέναι
868 1661 926 1744 τῆς
946 1659 1037 1742 ζωῆς,
1057 1652 1120 1720 ὖπό
1141 1657 1177 1721 δέ
1193 1656 1250 1719 τοῦ
1264 1651 1306 1717 τὰ
1321 1654 1425 1717 πάντα

337 1761 575 1842 οἶκονομοιῖντυς
593 1762 649 1823 καί
664 1757 944 1839 μετασκευάζοντος
963 1749 986 1844 ᾖ
999 1753 1162 1840 βούλεται,
1191 1747 1374 1834 ἇνεβιωσοὶν
1388 1775 1424 1815 τε

315 1852 439 1935 ῦαῖθις
459 1859 515 1922 καῖ
533 1853 696 1942 ῥαῖσαντες
718 1855 774 1919 οὐκ
799 1855 922 1921 ἐλάσσω
941 1857 1005 1920 τῶν
1028 1854 1186 1941 προτέρων
1211 1851 1264 1936 ἔτη
1288 1852 1458 1932 enebris-ri

338 1983 417 2039 σονς
447 1955 483 2022 τί
497 1947 552 2020 οὖν
570 1951 775 2036 θαυμαστόν,
803 1957 836 2018 εἰ
845 1957 924 2017 θεοῦ
940 1956 1145 2036 βουλομένου,
1165 1953 1298 2015 τοιαῦτα
1318 1973 1426 2034 παρα-

238 2053 332 2128 V·¹99
340 2056 457 2140 πλήσια
481 2052 536 2118 καί
559 2053 613 2117 tut
635 2055 691 2117 τοῦ
712 2050 866 2138 ἡμετέρου
890 2051 1086 2136 συμβήσεται
1109 2051 1261 2133 βασιλέως
1268 2076 1280 2130 ,·
1319 2039 1360 2113 οὗ
1384 2039 1424 2130 δὴ

338 2160 427 2220 ἓνεκα
442 2149 495 2216 eoi
515 2150 605 2234 λέγω,
625 2151 755 2238 ἠρεμεῖν1
770 2148 824 2214 καί
833 2147 877 2234 μή
897 2153 1032 2232 βασιλέα
1050 2155 1260 2234 παρενοχλεῖν,
1281 2147 1355 2211 ἀλλ’
1371 2147 1426 2234 έᾷν

339 2247 439 2326 οὕτως
466 2246 551 2325 ὅπως
571 2247 638 2332 ἔχει
665 2245 836 2334 σχήματος.
887 2243 947 2314 κεῖν
965 2251 1024 2330 μὲν
1042 2245 1115 2324 θεὸς
1135 2245 1311 2329 Ῥωμαίοις
1331 2248 1427 2311 ἵλεων

340 2349 531 2432 ἐπιβλέψας,
551 2347 606 2412 τόν
621 2347 771 2434 σφέτερον
788 2345 961 2433 χαρίσηται
974 2350 1116 2429 βασιλέα,
1141 2345 1224 2432 αὐτῷ
1236 2369 1270 2409 τε
1288 2341 1348 2419 τὰς
1368 2347 1456 2411 toas

343 2445 441 2523 νατᾶς
464 2445 670 2529 α’ποδωσομεν
685 2440 892 2534 εὖχαριστίας
911 2444 966 2511 καί
978 2443 1054 2533 ἡμῖν
1072 2446 1178 2520 αὔτοῖς
1191 2441 1263 2510 uini
1277 2445 1427 2529 μεγίστης

340 2547 489 2629 εὐτυχίας
515 2542 572 2630 τὴν
593 2542 701 2629 ὑγείαν
726 2544 918 2630 λογιούμεθα
940 2546 1104 2630 βασιλέως·
1145 2537 1185 2609 ἂν
1203 2544 1251 2625 δ’,
1281 2539 1299 2607 ὃ
1311 2541 1358 2628 με)
1376 2546 1427 2625 γέ-

338 2668 435 2728 νοιτο,
455 2640 603 2731 κρίμασιν
623 2636 670 2722 οἷς
685 2639 769 2710 οἶδεν
785 2643 901 2729 αὐτὸς,
924 2645 959 2709 ἐκ
978 2647 1042 2711 τῶν
1057 2645 1255 2732 προσκαίρων
1277 2646 1335 2707 καί
1357 2644 1428 2708 ἐπι·

339 2803 464 2857 babitum
480 2808 659 2874 monasticum
672 2820 687 2857 c
704 2805 897 2876 cuiuscumque
912 2804 997 2874 patris
1011 2804 1161 2873 spiritualis
1173 2802 1297 2855 manibus
1318 2801 1428 2862 induat,

340 2873 375 2927 ad
393 2872 468 2945 quoti
482 2874 560 2925 iiluna
581 2874 756 2946 iampridem
771 2876 958 2927 exstimuiasti.
977 2878 1014 2927 Ae
1028 2884 1095 2925 tune
1109 2873 1219 2944 quidem
1237 2873 1310 2945 quod
1327 2889 1428 2941 exper-

339 2952 385 2995 tur
402 2944 455 2995 tale
471 2944 621 3014 quidquam
635 2964 690 2998 non
703 2962 789 3006 esses,
808 2946 1049 3015 conditionemque
1060 2946 1100 2996 rei
1112 2946 1263 3014 ignorares,
1281 2962 1296 2996 a
1317 2943 1429 3011 suppli-

340 3014 575 3067 cioexcusabare:
607 3017 630 3067 si
656 3015 745 3067 denuo
768 3018 908 3086 quippiam
926 3014 1083 3067 huiusmodi
1105 3024 1153 3066 aut
1175 3014 1295 3066 deterius
1319 3012 1431 3083 aliquid

340 3084 493 3147 conabere,
511 3086 579 3135 rcito
603 3086 656 3137 tibi
674 3102 730 3138 uon
752 3088 792 3137 sic
813 3086 958 3139 abiturum.
995 3086 1112 3137 Primum
1133 3085 1249 3135 enimsi
1272 3083 1325 3135 boc
1340 3084 1431 3151 impe·

341 3162 431 3207 ratcre
453 3152 594 3215 orbamur,
622 3171 677 3206 uon
702 3154 814 3207 dabitur
840 3156 921 3208 uobis
939 3158 969 3207 in
987 3156 1046 3207 soro
1066 3172 1154 3207 rerum
1179 3156 1317 3206 renalium
1336 3168 1430 3204 emere

341 3223 435 3275 alium.
470 3224 559 3293 Atque
578 3231 608 3274 ut
626 3222 745 3289 daretur,
768 3227 800 3281 iu
813 3227 906 3290 talem,
925 3227 954 3277 id
971 3234 1012 3277 est
1026 3224 1189 3277 omnimodis
1204 3226 1351 3293 optimum,
1370 3240 1431 3273 non

340 3294 502 3347 inciderant.
538 3292 606 3344 Nam
623 3311 736 3363 quorum
750 3296 779 3345 in
797 3312 892 3348 manus
907 3304 1013 3348 tantum
1033 3296 1179 3365 imperium
1196 3294 1357 3346 tradendum
1377 3302 1430 3354 est,

341 3381 388 3417 eos
405 3365 495 3415 omnia
508 3364 677 3433 prospiciens
694 3366 769 3419 Deus
789 3382 838 3434 pro
860 3374 917 3418 rata
939 3367 1065 3434 portione
1086 3366 1120 3417 ad
1135 3366 1304 3435 principatus
1322 3364 1431 3431 magni·

341 3434 467 3487 tudinem
486 3433 602 3486 condere
618 3444 700 3507 atquc
719 3443 812 3505 aptare
825 3436 974 3487 cousuevit
1009 3436 1051 3488 Ad
1066 3434 1135 3499 boc,
1162 3452 1243 3506 quam
1264 3434 1348 3485 multi
1368 3449 1432 3483 cum

341 3504 502 3575 periculosis
517 3503 618 3557 morbis
632 3506 766 3558 luctantes
778 3513 805 3557 et
822 3505 960 3559 amedicis
969 3504 1104 3574 desperati
1119 3515 1202 3576 atque
1217 3504 1252 3556 ad
1268 3513 1432 3565 extremum,

341 3580 375 3624 ut
391 3572 555 3641 apparebat,
573 3572 690 3629 halitum
712 3574 833 3641 redacti,
852 3576 887 3627 ab
905 3594 937 3628 eo
960 3578 1009 3647 qui
1030 3578 1100 3645 regit
1117 3583 1317 3646 commutatque
1339 3575 1433 3625 omnia

341 3648 425 3711 prout
452 3644 530 3707 vult,
562 3646 713 3715 integritati
738 3646 811 3698 vitae
844 3664 876 3699 ac
903 3646 1068 3699 valetudinis
1098 3646 1235 3710 restituti,
1271 3645 1432 3715 praeteritis

342 3712 421 3763 annis
439 3728 495 3765 non
512 3717 655 3783 pauciores
675 3716 902 3786 supervixerunt?
919 3717 998 3769 Nihil
1021 3735 1084 3769 ero
1105 3734 1223 3780 novum,
1242 3717 1265 3767 si
1288 3716 1342 3766 Dei
1359 3722 1433 3764 nutu

344 3782 503 3849 imperatori
522 3792 614 3837 nostro
638 3786 709 3839 idem
735 3789 886 3856 contigerit
932 3787 1022 3855 Quam
1041 3736 1077 3839 ob
1096 3804 1199 3839 causam
1220 3786 1350 3855 praedico
1366 3782 1432 3845 tibi,

345 3852 486 3933 quiescas,
506 3870 557 3905 uec
571 3856 649 3909 iilum
666 3858 812 3909 obturbes:
831 3856 878 3907 resi
901 3854 974 3907 bunc
998 3875 1079 3929 quem
1102 3858 1171 3927 gerit
1188 3856 1315 3908 habitum
1338 3870 1433 3923 gerere
1501 3861 1502 3864 ’

344 3935 425 3972 arnas.
462 3922 497 3973 Et
512 3924 535 3973 si
550 3926 661 3992 quidem
675 3928 749 3979 Deus
768 3930 900 3978 Romanor
913 3928 1034 3995 propitio
1045 3930 1149 3981 iumine
1165 3928 1322 3997 respiciens,
1339 3927 1433 3992 irnpe-
1501 3921 1502 3940 ¹

345 3999 461 4042 ratorem
476 3991 533 4042 illis
548 3992 733 4061 redonaverit,
754 4006 783 4049 et
796 4004 912 4066 quanter
924 4014 1000 4049 meur
1013 4007 1106 4050 nostra
1121 4000 1193 4067 capit
1206 3998 1303 4067 gratias
1321 4011 1433 4064 agemus

346 4066 376 4111 et
397 4062 542 4113 sanitatem
568 4066 627 4117 eiur
651 4067 680 4118 in
702 4068 819 4119 maxima
844 4067 984 4119 felicitatis
1006 4077 1085 4135 parte
1108 4068 1320 4124 numerabimus.
1362 4064 1433 4127 sin,

347 4130 424 4201 quod
438 4130 526 4193 absit,
546 4136 652 4188 occulto
669 4136 720 4189 Dei
736 4136 841 4190 iudicio
857 4136 892 4188 ab
906 4136 981 4190 bisce
1000 4138 1081 4191 fluxis
1101 4140 1271 4207 terrenisque
1293 4135 1329 4188 ad
1346 4134 1437 4185 meli-

234 4272 236 4277 ·
344 4212 397 4257 ‘ore
413 4216 445 4255 ae
461 4199 629 4259 dtutbiliora
646 4206 750 4278 palatia
765 4207 899 4273 avolarit,
922 4208 972 4279 qui
988 4217 1031 4262 est
1047 4208 1135 4262 luctus
1159 4208 1243 4262 iudex
1260 4211 1290 4261 et
1307 4204 1433 4260 cordium
