3025 4900
475 235 823 406 mssomsnuuir.
846 331 898 400 se
1136 286 1236 422 Ιδ75

156 529 221 591 μην
247 464 303 568 καί
329 499 458 565 ἐπένευε
488 493 568 582 πρὸς
595 489 651 576 τὴν
680 488 830 566 δξίωσιν,
869 482 1036 550 συνέθεντο
1063 473 1145 560 μετὰ
1170 472 1306 540 stium·
1319 473 1385 534 1333

157 605 319 688 πρέσβεων
338 598 374 662 ἐν
395 597 501 678 Βαῖμί
517 591 574 679 τὴν
592 594 704 658 ἕνωσιν
722 575 873 670 rutatos
895 577 1003 669 χωρίηι
1019 577 1239 664 Μακεδονικῷ.

159 697 176 766 ὃ
201 699 332 784 Κρὰλης
352 699 412 778 μὲν
432 687 499 776 οὖν,
520 695 590 759 ἐπεὶ
605 688 739 756 ἐπίθετο
760 682 796 748 rt
821 679 981 766 σύνθημα,
1001 679 1035 744 ἐκ
1053 677 1108 762 τῆς
1125 673 1241 748 οἰκείας
1293 755 1295 760 ι

159 799 311 883 ὁρμηθείς
337 791 416 880 πρδς
443 789 479 856 τδ
509 790 749 868 συντεθειμένου
777 780 896 868 χωρίον
927 771 991 867 Ιᾔει·
1033 770 1182 858 βασιλεύς
1211 774 1242 836 δ’

138 893 263 982 ὄυδσπερ
287 891 431 979 ἔκπληξίν
448 915 519 957 τινα
538 888 708 972 βουληθείς
726 885 771 972 τῷ
793 877 906 967 Κράλη
929 879 1099 962 ἐμποιῆσαι
1118 865 1140 957 ἢ
1157 873 1241 955 μᾶλ-

158 1004 213 1064 λον
232 990 348 1060 οἷδὸλου
369 991 425 1057 καί
444 988 590 1075 καθαρᾶς
609 985 719 1074 φιλιάς
738 979 860 1056 πίστεις
884 984 1081 1064 παρασχεῖν,
1102 969 1138 1037 sd
1160 967 1240 1053 μετὰ

158 1094 360 1181 παρασκευῆς
382 1093 438 1157 καί
455 1081 652 1175 ιίντιρῖῥόπου
672 1081 824 1169 στρατιᾶς
847 1080 892 1153 εἷς
911 1075 964 1141 τὸν
994 1073 1169 1160 ὥρισμένον
1190 1069 1243 1136 τδ-

160 1219 219 1262 τιον
238 1195 342 1259 ἐλθεῖν
361 1185 542 1256 καταλιπών
552 1239 564 1270 ,
591 1180 792 1273 τριακοσίους
812 1181 876 1244 ταῖν
897 1175 987 1244 ἰδίων
1007 1172 1267 1256 οἶπολεξάμεκοςχ)

160 1291 216 1359 καί
232 1295 267 1359 ἐκ
288 1293 352 1356 τῶν
371 1290 536 1376 ἐπιφανῶν
556 1307 644 1363 τινας
667 1279 791 1365 σ’λίγονς
809 1279 910 1364 χωρίς
935 1277 997 1343 sois
1018 1271 1096 1362 πρὸς
1126 1268 1245 1356 δπηρε-

125 1390 233 1470 ιοσίας
258 1380 472 1474 τεταγμίνων,
515 1382 563 1450 ἔτι
589 1383 664 1467 περὶ
689 1383 789 1466 μίσην
817 1375 875 1463 τὴν
910 1373 1026 1442 οἰκείαν
1054 1368 1246 1456 διατρίβοντι

161 1495 205 1582 τῷ
222 1491 337 1577 met,
360 1483 438 1553 κατδ
459 1482 494 1550 τδ
515 1479 745 1566 Ῥαδοβόσδιον
765 1473 1080 1565 προσαγορευόμενον,
1100 1471 1245 1556 ἠγγέλλε-

160 1613 197 1654 το
221 1587 238 1656 o‘
259 1577 410 1672 βασιλεδς
435 1585 584 1670 ἐξαίφνης
606 1580 760 1667 προσιών.
801 1577 912 1663 πρῶτα
932 1574 993 1656 μὲν
1011 1565 1069 1637 oris·
1090 1564 1246 1655 ε’θορυβη-

160 1693 204 1773 θη
223 1691 330 1764 δείσας
352 1685 408 1771 την
427 1681 583 1768 βασιλέως
602 1679 728 1768 ἔφοδον,
751 1675 796 1762 μὴ
818 1675 854 1740 οδ
877 1671 957 1740 κατὰ
982 1674 1091 1760 φιλίαν
1112 1667 1170 1752 εἴη.
1202 1665 1247 1742 ὥς
1283 1743 1290 1754 ⁵

162 1789 199 1853 δέ
221 1780 435 1853 desiderastis
457 1779 679 1868 ἀριθμὸντῶν
705 1772 866 1859 ἑπομένων
889 1772 944 1838 καί
961 1771 1019 1856 την
1040 1769 1166 1854 γνιδμην
1186 1771 1247 1850 βα-

123 1891 274 1963 ιὸσιλέως
297 1883 337 1971 ἣν
364 1883 448 1969 ἔχων
475 1879 558 1964 μετὰ
587 1878 742 1944 τοσούτων
767 1870 853 1960 ἥκει,
891 1868 1096 1959 δπερηγάσθη
1128 1890 1161 1932 τε
1191 1862 1247 1932 τὸν

160 1988 296 2073 βασιλέα
316 1985 374 2068 τῆς
389 1981 507 2046 α’δδλου
533 1975 659 2063 γνώμης
680 1979 736 2040 καί
755 1975 812 2060 τῆς
832 1970 910 2058 πρὸς
928 1969 1002 2046 τούς
1028 1967 1140 2054 φιλους
1157 1967 1247 2028 ἐλευ-

159 2086 287 2170 θερίοις,
309 2082 365 2146 καί
386 2077 538 2166 συνήδετο
560 2073 664 2164 ἑαυτῷ
684 2077 824 2142 τοιοῦτον
847 2071 1027 2158 κτησαμένῳ
1052 2067 1161 2153 φίλον.
1202 2057 1248 2126 εἶ-

160 2185 270 2248 στίασί
289 2204 325 2245 τε
344 2177 443 2246 αὐτὸν
467 2179 640 2264 φιλοτίμως
657 2170 744 2256 μάλα
766 2177 820 2238 καί
840 2172 1028 2255 βασιλικῶς,
1063 2161 1118 2229 καί
1145 2185 1249 2248 παρα-

160 2280 314 2361 κατέσχεν
334 2273 438 2365 ἑαυτῷ
459 2277 513 2360 ἐφ’
533 2273 668 2358 ἡμέραις
688 2265 784 2334 ἑπτά.
825 2267 941 2352 πολλήν
963 2291 997 2332 τε
1016 2261 1249 2344 ἐπιδειξάμενος

121 2374 403 2466 αοφιλοφροσδνην
430 2375 485 2437 καί
502 2369 639 2456 μετρίως
660 2371 693 2444 ἐς
721 2363 760 2434 τοὶ
790 2364 932 2448 μάλιστα
960 2363 1016 2429 καί
1040 2360 1093 2430 οἷα
1117 2357 1247 2446 δεοπὸτη

162 2470 385 2561 προσενεχθείς
414 2474 458 2559 τῷ
481 2474 623 2553 βασιλεῖ,
651 2464 733 2550 μετὰ
765 2462 822 2551 rsty
845 2460 983 2549 ἑβδόμην
1011 2457 1107 2537 αδτὸς
1129 2465 1188 2544 μὲν
1211 2460 1249 2524 si-

161 2577 325 2641 sreies'nero
346 2572 391 2649 εἰς
412 2567 469 2655 την
490 2565 617 2649 οἰκείαν,
635 2563 768 2649 βασιλέα
790 2568 826 2630 δὲ
844 2565 968 2649 χαίρων
987 2564 1141 2648 χαίροντα
1160 2558 1338 2637 viimam

163 2676 199 2739 δε
220 2672 399 2753 οἷπδπεμπε.
439 2666 521 2733 κατὰ
547 2664 664 2753 ταύτην
688 2667 724 2729 δὲ
752 2661 811 2747 την
842 2664 1013 2743 συντυχίαν
1040 2657 1095 2723 καί
1121 2654 1246 2744 μεγάλην

164 2769 335 2861 δομεστίκρ
356 2770 477 2853 ἐγένετο
497 2763 577 2855 πρὸς
593 2764 728 2856 Κράλην
750 2759 843 2851 φιλία
863 2757 982 2847 ἰσχυρὰ
1004 2767 1116 2845 πεῖραν
1134 2752 1249 2824 ἑαυτοῦ
1288 2730 1299 2803 i

126 2868 409 2959 αόπαρασχομίνιρ.

165 3038 276 3155 φφιιιυε
293 3028 459 3097 imperator,
477 3028 608 3099 petitioni
626 3028 726 3081 annuit
744 3031 773 3079 et
791 3042 852 3079 eum
878 3023 975 3095 legatis
991 3022 1080 3075 Baiml
1104 3016 1249 3073 castellnm

199 3100 347 3153 ucedonise
366 3101 457 3171 elegit
495 3098 537 3153 lta
564 3100 722 3152 convenisse
740 3098 898 3167 intelligens
917 3095 1027 3157 Crates,
1053 3090 1149 3145 eodem
1168 3106 1183 3141 e
1201 3105 1250 3140 sua

166 3172 307 3247 provincia
324 3170 462 3240 proficisci
482 3170 634 3221 maturavit
678 3170 828 3239 Imperator
845 3168 921 3219 velut
940 3164 1102 3219 terrefacere
1122 3160 1250 3223 Cralem,

169 3260 217 3296 seu
244 3242 339 3311 potius
365 3258 507 3311 germanae
537 3258 568 3292 ae
594 3241 716 3293 sincerae
745 3238 882 3291 amicitiae
907 3242 1095 3306 argumentum
1120 3229 1252 3283 exhibere

168 3314 276 3373 volens,
295 3313 325 3363 in
344 3312 434 3364 locum
454 3310 598 3363 definitum
616 3328 678 3363 cnm
696 3317 829 3380 apparatu
848 3315 876 3361 et
894 3307 1026 3359 comitatu
1050 3322 1079 3356 se
1098 3300 1180 3371 digno
1203 3316 1252 3352 ve-

167 3384 228 3435 nire
246 3382 385 3446 omittens,
403 3382 516 3434 delectis
534 3384 666 3435 trecentis
685 3389 713 3433 et
729 3380 823 3450 paucis
842 3380 875 3430 ds
891 3376 1036 3429 nobilitate
1060 3372 1180 3444 (praeter
1196 3371 1251 3423 mi-

135 3490 138 3495 ·
168 3454 267 3506 nistros
287 3460 316 3503 et
332 3454 438 3504 esculis
457 3451 597 3522 videlicet)
610 3450 701 3505 adhue
716 3466 802 3521 prope
822 3449 852 3499 in
876 3446 966 3499 medio
985 3446 1121 3514 regionis,
1142 3440 1251 3493 lihado·

167 3522 261 3577 bosdii
278 3523 422 3591 repentino
441 3521 559 3575 adventu
578 3540 626 3575 suo
646 3538 708 3575 eom
726 3521 872 3591 oppressit.
916 3516 1007 3573 Crnles
1025 3514 1105 3567 huius
1122 3512 1251 3581 inexspe-

168 3594 234 3647 etati
259 3590 391 3645 adventus
414 3594 512 3644 nuntio
537 3592 657 3661 primum
676 3592 839 3657 conterritus
858 3588 961 3651 timuit,
979 3604 1014 3639 ne
1035 3585 1089 3637 fide
1107 3600 1162 3635 uon
1180 3583 1252 3634 bona

169 3680 261 3716 seeum
285 3670 418 3747 ageretur.
461 3662 497 3714 Ut
518 3670 610 3745 sptem
628 3659 663 3713 de
681 3678 794 3744 numero
814 3660 862 3743 gui
883 3665 1058 3728 sequeretur,
1077 3663 1105 3707 et
1123 3670 1177 3723 quo
1198 3652 1253 3704 fine

168 3742 305 3855 ilidii
327 3727 1077 3872 tita⁰¹2iltt¹¹¹ifgttttttiir,tttff‘ttttte‘lt
1090 3725 1254 3847 ῗῖῗίῖἱὲιὲἒ
1297 3846 1299 3853 ,

169 3872 319 3941 gratulatus
338 3882 393 3936 est,·
412 3873 558 3941 epulisque
574 3872 720 3943 splendide
735 3881 763 3926 et
781 3868 906 3938 regaliter
921 3878 1059 3939 acceptum
1075 3866 1133 3919 dies
1149 3874 1255 3934 septem

169 3940 241 4013 apud
259 3960 288 3994 se
305 3944 442 4006 detinuit,
469 3941 718 4015 humanissimeqne
746 3949 775 3995 et
791 3956 894 3991 summa
921 3957 982 3993 cum
1008 3937 1196 3993 summissione
1223 3950 1256 3985 ae

169 4022 306 4083 tamquam
325 4014 465 4065 dominum
485 4030 563 4065 suum
590 4023 749 4076 tractatum,
778 4012 837 4079 ipse
856 4008 931 4061 domi
956 4028 1067 4063 manens
1092 4025 1107 4059 ο
1133 4024 1162 4059 se
1190 4022 1255 4075 gau-

170 4084 237 4138 dens
256 4082 416 4155 gaudentem
434 4083 548 4139 dimisit.
585 4086 616 4136 In
634 4082 686 4137 hoc
704 4088 839 4137 conventu
861 4082 942 4133 etiam
964 4098 1077 4151 maguus
1091 4078 1254 4131 domesticus

170 4172 230 4209 eusn
254 4154 392 4225 speelmcn
419 4154 524 4226 ingenii
549 4171 581 4207 ac
607 4172 713 4209 morum
738 4167 850 4209 suorum
870 4152 1057 4223 praebuisset,
1087 4151 1163 4201 firma
1194 4162 1255 4199 αιιιο

171 4226 250 4281 Cralc
269 4224 390 4277 amicitia
408 4226 551 4299 copulatos
570 4234 618 4279 est.
